2956 4972
710 328 771 395 53.

632 418 834 426 —————-

236 526 316 596 θεόν
340 543 376 598 13
389 521 426 594 ού
437 526 500 616 μήν
511 554 545 614 γε
570 543 606 597 16
629 545 696 597 ente
713 523 938 613 μεγαλόψυχοι
957 539 1059 597 Inserit
1072 519 1215 614 ἀνδρεῖοι
1233 528 1289 593 καὶ

239 646 277 701 13
300 629 519 719 φυλάσσοντες
552 645 588 700 19
618 636 683 696 τῶν
712 629 786 717 περὶ
815 625 877 718 τὴν
895 626 1102 719 φιλοτεκνίαν
1130 644 1168 698 22
1190 655 1290 712 μετα-

235 733 380 820 στρέψαι
416 746 455 801 24
477 733 597 819 γενέσει
621 735 689 822 φιλ.
713 734 769 800 καὶ
790 729 912 823 τρόφια
936 733 1040 820 (γοναὶ
1064 728 1290 822 φιλόστοργοι)

235 849 276 905 26
298 845 381 906 deest
402 830 419 900 ύ
445 847 485 905 30
506 836 600 923 μέχρι
624 840 716 922 (τῶν)
739 849 778 906 32
800 830 893 925 ἤπερ.

163 980 186 1033 s.
221 967 296 1039 297,
313 967 331 1023 3
346 955 479 1039 Ιιλλύπων
496 954 531 1021 ἐν
545 951 736 1040 βασύνοις7
753 955 819 1021 ἕνλ.
839 955 894 1021 ἐπὶ
915 954 1010 1041 σαρξὶ
1024 979 1107 1020 τεκν.
1128 947 1174 1039 ὁρ.
1194 976 1287 1039 σαρκ.

232 1082 300 1123 τεκ.
330 1082 455 1123 κυκνιοι
491 1071 529 1126 14
559 1055 716 1146 πηλίκαις
744 1056 939 1140 (ποικίλαις)
973 1070 1091 1125 14-21
1116 1051 1300 1142 πηλίκαιςχ

235 1154 392 1246 καθάπερ
420 1169 514 1229 rubris
535 1172 616 1229 uncis
638 1171 778 1230 inclusum
817 1173 852 1229 16
874 1164 1004 1246 τροχοῖς
1025 1157 1081 1224 καὶ
1104 1154 1292 1244 υαυτηρίοις

238 1274 274 1329 19
299 1255 426 1346 ὁρῶσαν
447 1252 615 1326 ἀπώλειαν
645 1273 685 1331 20
706 1258 917 1350 πολύτροπον
939 1261 1097 1343 (πλουτου),
1118 1256 1230 1339 πάσας
1250 1273 1289 1330 23

235 1373 318 1432 deest
338 1387 374 1429 τε
398 1375 437 1433 32
460 1373 542 1433 deest
564 1369 631 1429 τοῦ.

163 1502 196 1557 p.
224 1494 326 1567 298,2
350 1474 454 1562 ούτως
475 1479 514 1549 σύ
539 1500 557 1552 4
578 1491 652 1564 ταῖς
674 1491 740 1552 τῶν
763 1499 780 1555 5
803 1483 909 1566 τούς.
933 1538 941 1553 .
965 1538 973 1553 .
996 1492 1155 1570 χειμῶνας

642 1687 712 1762 Cep.
736 1688 814 1747 XVI.

237 1808 253 1861 7
276 1789 331 1860 ύπ.
350 1791 410 1873 τὰς
426 1794 522 1882 μέχρι
536 1801 655 1862 θανατ.
674 1803 748 1881 βασ.
773 1791 819 1883 ὁρ.
839 1801 904 1862 τῶν
921 1795 1042 1862 τέκνων
1067 1810 1101 1864 11
1116 1788 1291 1882 περιεφρό-

236 1920 308 1984 νησε
331 1907 413 1966 deest
434 1894 497 1980 τόν,
520 1910 549 1967 in
571 1911 700 1983 margine
723 1904 789 1965 των
808 1899 904 1985 μέχρι
922 1905 999 1965 θον.
1015 1905 1089 1983 βασ.
1110 1891 1291 1985 ὑπερεφρό-

236 2022 326 2086 νησεν
365 2013 402 2068 12
434 2011 514 2069 deest
544 1996 628 2065 κατὰ
657 1996 712 2066 τόν
746 2014 784 2069 14
814 1992 913 2088 αὐτῆς
948 2013 985 2069 17
1013 2004 1111 2065 τοῦτο
1133 1998 1291 2081 taedia)-

234 2098 503 2186 λογίσασθαι(θε)
528 2114 566 2170 18
585 2094 635 2167 ὅτι
657 2099 765 2168 εἰύειλ.
788 2089 826 2190 ἦν
847 2098 924 2190 γυνή
948 2115 985 2171 19
1009 2091 1229 2190 ύλοφύρεύύν
1252 2113 1291 2168 22

235 2198 366 2285 κύμινοι
402 2217 441 2274 26
464 2195 584 2282 ὠδίνας
620 2217 656 2273 31
681 2194 868 2292 ὠλοφύρετο
902 2217 941 2275 32
964 2195 1150 2291 ἀπέτρεψεν
1178 2254 1216 2269 ..
1247 2197 1292 2281 ὡς

234 2295 313 2371 οὐδ’.

174 2443 192 2499 1)
224 2437 327 2509 299,5
350 2420 441 2510 γύναι
465 2422 521 2492 διὰ
543 2423 756 2513 6ἕργοιςδυν.
779 2426 835 2494 καὶ
853 2423 919 2513 λόγ.
942 2421 1006 2514 εύρ.
1031 2417 1147 2514 ἆνδρός
1169 2433 1289 2497 8θεω-

233 2531 335 2611 ροῦσα
374 2540 392 2596 9
418 2525 552 2616 ἓβραΐδῃ
583 2534 676 2617 φωνῇ
711 2543 748 2598 13
771 2523 948 2612 ὑπομεῖναι
985 2542 1024 2598 20
1046 2539 1127 2598 deest
1150 2523 1167 2596 ὃ
1190 2524 1290 2594 ἰσαύκ

234 2641 272 2695 22
289 2619 624 2718 ύπεσφενύονήθησαν
646 2643 685 2700 25
701 2640 783 2700 deest
793 2627 869 2708 τούς
892 2644 930 2701 29
950 2628 1072 2710 deme
1089 2643 1129 2700 30
1143 2629 1200 2696 καὶ
1213 2621 1285 2717 ἆβρ.

233 2729 289 2796 καὶ
313 2743 352 2799 32
376 2727 420 2809 ὡς
442 2724 493 2797 ὅτι
516 2724 578 2799 ὅτε.

633 2931 702 3005 Cap.
725 2932 818 2991 XVII.

170 3066 197 3121 p.
221 3051 324 3123 300,1
343 3035 389 3116 εἰς
410 3041 521 3125 (προς)
543 3036 691 3108 θάνατον
712 3055 729 3112 3
748 3039 834 3108 ἑπτὰ
854 3043 952 3109 παισὶ
969 3039 1008 3108 σύ
1027 3044 1121 3131 στέγη
1138 3042 1194 3110 ἐπὶ
1213 3041 1290 3124 τοὺς

231 3138 410 3220 δακτύλους
432 3155 448 3210 6
473 3137 607 3221 στύλους
628 3149 694 3210 τῶν
713 3141 845 3209 παίδων
868 3157 885 3213 9
905 3141 1041 3230 βιβαίαν
1063 3142 1183 3227 ἔχουσα
1204 3142 1288 3234 πρὸς

232 3239 311 3309 θεόν
331 3248 521 3330 136εε31τῷ,
533 3254 655 3326 praebet
664 3245 720 3311 καὶ
731 3242 899 3333 ἐστήρισαι
920 3241 1044 3334 15ἦμῖν
1054 3234 1090 3335 ἦν
1098 3257 1181 3317 deest
1190 3246 1288 3314 πίνα-

230 3370 288 3423 κος
312 3357 349 3413 16
364 3368 422 3411 σου
436 3343 582 3434 ἱστορίαν
602 3363 639 3418 17
654 3360 684 3418 in
697 3360 825 3435 margine
837 3374 892 3437 γρε
916 3347 1056 3417 ἐντόπιον
1067 3356 1126 3417 τοῦ
1137 3357 1221 3418 θεοῦ
1231 3352 1287 3418 καὶ
1380 3406 1382 3409 .

230 3444 399 3536 ἑστήρισαι
430 3446 488 3516 σύν
519 3442 632 3530 αύτοῖς
661 3452 696 3518 ἐν
726 3443 853 3540 οὐρανῷ
890 3465 927 3522 19
950 3452 1006 3518 καὶ
1029 3443 1080 3519 ἐπ’
1107 3443 1208 3519 αὐτοῦ
1228 3459 1288 3519 τοῦ

230 3548 412 3639 ἐπιταφίου
443 3565 482 3620 20
504 3550 694 3618 ἐνταυθοῖ(
685 3548 771 3674 ιερός
792 3552 893 3639 γέρων
924 3567 961 3622 21
986 3548 1212 3640 ἒννεκήδιυται
1247 3565 1286 3620 22

231 3647 288 3717 διὰ
310 3657 377 3733 τοῦ,
407 3664 437 3721 in
458 3664 588 3735 margine
609 3649 665 3720 διὰ
690 3652 827 3742 τύρανον
859 3669 898 3725 23
920 3653 968 3734 εἰς
988 3652 1068 3723 θεον
1106 3667 1145 3725 26
1166 3651 1267 3743 γὰρ
1249 3643 1286 3720 ύν

231 3743 319 3838 ύγών
342 3769 379 3823 27
403 3782 420 3819 τ
412 3745 622 3843 ύφθαρσία
645 3770 685 3826 20
708 3768 790 3827 deest
812 3753 897 3824 ἑπτά
927 3770 966 3827 29
991 3738 1216 3843 ύντιγωνιζετο
1247 3769 1283 3826 31

230 3851 368 3935 ἑαυτούς
390 3790 494 3935 λύιους
515 3848 594 3924 ἇθλ.

163 4006 189 4060 p.
217 3988 324 4060 301‚2
347 3985 427 4045 deest
450 3968 556 4044 αύτιῦν
579 3991 598 4045 4
620 3978 677 4044 καὶ
699 3973 755 4045 τὸν
776 4003 853 4062 μακ.
869 3983 999 4062 βιοῦσιν
1016 3975 1120 4044 αἰῶνα
1145 3992 1182 4046 12
1205 3988 1286 4048 deest

227 4083 289 4142 τοῦ
313 4091 379 4146 7-
392 4092 429 4148 10
453 4069 490 4144 ού
508 4073 656 4162 μόνον-
673 4072 835 4166 ἁμαρτίας
856 4089 950 4148 rubris
971 4091 1051 4150 uncis
1072 4090 1211 4150 inclusum
1247 4093 1284 4149 15

229 4170 384 4262 ἀπειλῶν,
417 4190 498 4252 deest
520 4175 537 4250 ὃ
561 4195 600 4251 22
622 4180 712 4248 ἐστὶν
734 4178 895 4272 δεσπότης
