<?xml version="1.0" encoding="UTF-8"?>
<!DOCTYPE html PUBLIC "-//W3C//DTD XHTML 1.0 Transitional//EN"
    "http://www.w3.org/TR/xhtml1/DTD/xhtml1-transitional.dtd">
<html xmlns="http://www.w3.org/1999/xhtml" xml:lang="en" lang="en">
 <head>
  <title>
</title>
<meta http-equiv="Content-Type" content="text/html;charset=utf-8" />
  <meta name='ocr-system' content='tesseract 3.04.00' />
  <meta name='ocr-capabilities' content='ocr_page ocr_carea ocr_par ocr_line ocrx_word'/>
</head>
<body>
  <div class='ocr_page' id='page_1' title='image "./depsiosephiorat01wolsgoog_0045.png"; bbox 0 0 2956 4972; ppageno 0'>
   <div class='ocr_carea' id='block_1_1' title="bbox 869 313 910 383">
    <p class='ocr_par' dir='ltr' id='par_1_1' title="bbox 869 313 910 383">
     <span class='ocr_line' id='line_1_1' title="bbox 869 313 910 383; baseline 0 0"><span class='ocrx_word' id='word_1_1' title='bbox 869 313 910 383; x_wconf 86' lang='grc'>36</span> 
     </span>
    </p>
   </div>
   <div class='ocr_carea' id='block_1_2' title="bbox 786 404 987 414">
    <p class='ocr_par' dir='ltr' id='par_1_2' title="bbox 786 404 987 414">
     <span class='ocr_line' id='line_1_2' title="bbox 786 404 987 414; baseline 0.015 -3"><span class='ocrx_word' id='word_1_2' title='bbox 786 404 987 414; x_wconf 50' lang='lat'>*-</span> 
     </span>
    </p>
   </div>
   <div class='ocr_carea' id='block_1_3' title="bbox 325 531 1440 1232">
    <p class='ocr_par' dir='ltr' id='par_1_3' title="bbox 325 531 1435 927">
     <span class='ocr_line' id='line_1_3' title="bbox 325 531 1425 626; baseline 0.001 -24"><span class='ocrx_word' id='word_1_3' title='bbox 325 535 482 626; x_wconf 85' lang='lat' dir='ltr'><strong>propositi</strong></span> <span class='ocrx_word' id='word_1_4' title='bbox 503 531 744 620; x_wconf 77' lang='lat' dir='ltr'>appellaverim.</span> <span class='ocrx_word' id='word_1_5' title='bbox 788 534 971 623; x_wconf 83' lang='lat' dir='ltr'>Exponitur</span> <span class='ocrx_word' id='word_1_6' title='bbox 993 536 1076 602; x_wconf 90' lang='lat' dir='ltr'>enim</span> <span class='ocrx_word' id='word_1_7' title='bbox 1098 559 1201 624; x_wconf 90' lang='lat' dir='ltr'>neque</span> <span class='ocrx_word' id='word_1_8' title='bbox 1223 539 1356 606; x_wconf 82' lang='lat' dir='ltr'>affectus</span> <span class='ocrx_word' id='word_1_9' title='bbox 1371 537 1425 605; x_wconf 88' lang='lat' dir='ltr'>sub</span> 
     </span>
     <span class='ocr_line' id='line_1_4' title="bbox 326 636 1435 728; baseline 0.001 -24"><span class='ocrx_word' id='word_1_10' title='bbox 326 638 462 704; x_wconf 89' lang='lat' dir='ltr'>rationis</span> <span class='ocrx_word' id='word_1_11' title='bbox 490 636 622 722; x_wconf 89' lang='lat' dir='ltr'>imperio</span> <span class='ocrx_word' id='word_1_12' title='bbox 651 658 733 718; x_wconf 89' lang='lat' dir='ltr'>esse,</span> <span class='ocrx_word' id='word_1_13' title='bbox 765 660 868 722; x_wconf 90' lang='lat' dir='ltr'>neque</span> <span class='ocrx_word' id='word_1_14' title='bbox 895 659 965 701; x_wconf 92' lang='lat' dir='ltr'>eam</span> <span class='ocrx_word' id='word_1_15' title='bbox 993 639 1216 703; x_wconf 86' lang='lat' dir='ltr'>esserationis</span> <span class='ocrx_word' id='word_1_16' title='bbox 1247 642 1330 722; x_wconf 87' lang='lat' dir='ltr'>vim,</span> <span class='ocrx_word' id='word_1_17' title='bbox 1358 657 1435 728; x_wconf 78' lang='lat' dir='ltr'>quae</span> 
     </span>
     <span class='ocr_line' id='line_1_5' title="bbox 327 737 1434 830; baseline 0.001 -25"><span class='ocrx_word' id='word_1_18' title='bbox 327 762 459 827; x_wconf 89' lang='lat' dir='ltr'>prorsus</span> <span class='ocrx_word' id='word_1_19' title='bbox 480 737 551 804; x_wconf 89' lang='lat' dir='ltr'>illos</span> <span class='ocrx_word' id='word_1_20' title='bbox 573 739 754 825; x_wconf 86' lang='lat' dir='ltr'>exstirpare</span> <span class='ocrx_word' id='word_1_21' title='bbox 775 741 891 823; x_wconf 84' lang='lat' dir='ltr'>possit3</span> <span class='ocrx_word' id='word_1_22' title='bbox 913 739 969 804; x_wconf 90' lang='lat' dir='ltr'>sed</span> <span class='ocrx_word' id='word_1_23' title='bbox 989 741 1102 806; x_wconf 90' lang='lat' dir='ltr'>nimios</span> <span class='ocrx_word' id='word_1_24' title='bbox 1125 750 1253 807; x_wconf 89' lang='lat' dir='ltr'>tantum</span> <span class='ocrx_word' id='word_1_25' title='bbox 1275 742 1434 830; x_wconf 83' lang='lat' dir='ltr'>perturba-</span> 
     </span>
     <span class='ocr_line' id='line_1_6' title="bbox 328 839 1064 927; baseline 0.003 -21"><span class='ocrx_word' id='word_1_26' title='bbox 328 844 450 909; x_wconf 87' lang='lat' dir='ltr'><strong>tionum</strong></span> <span class='ocrx_word' id='word_1_27' title='bbox 472 839 617 905; x_wconf 90' lang='lat' dir='ltr'>stimulos</span> <span class='ocrx_word' id='word_1_28' title='bbox 638 841 776 926; x_wconf 89' lang='lat' dir='ltr'><strong>opprimi</strong></span> <span class='ocrx_word' id='word_1_29' title='bbox 799 849 897 927; x_wconf 86' lang='lat' dir='ltr'>atque</span> <span class='ocrx_word' id='word_1_30' title='bbox 918 841 1064 908; x_wconf 85' lang='lat' dir='ltr'>diminui.</span> 
     </span>
    </p>

    <p class='ocr_par' dir='ltr' id='par_1_4' title="bbox 327 943 1440 1232">
     <span class='ocr_line' id='line_1_7' title="bbox 412 943 1440 1030; baseline 0.003 -22"><span class='ocrx_word' id='word_1_31' title='bbox 412 944 509 1010; x_wconf 81' lang='lat' dir='ltr'>Posse</span> <span class='ocrx_word' id='word_1_32' title='bbox 530 951 638 1007; x_wconf 86' lang='lat' dir='ltr'>autem</span> <span class='ocrx_word' id='word_1_33' title='bbox 659 943 816 1007; x_wconf 89' lang='lat' dir='ltr'>rationem</span> <span class='ocrx_word' id='word_1_34' title='bbox 838 944 937 1006; x_wconf 90' lang='lat' dir='ltr'>etiam</span> <span class='ocrx_word' id='word_1_35' title='bbox 957 965 1093 1030; x_wconf 88' lang='lat' dir='ltr'>maguae</span> <span class='ocrx_word' id='word_1_36' title='bbox 1119 944 1269 1012; x_wconf 80' lang='lat' dir='ltr'>libidines</span> <span class='ocrx_word' id='word_1_37' title='bbox 1290 966 1440 1026; x_wconf 79' lang='lat' dir='ltr'>coercere,</span> 
     </span>
     <span class='ocr_line' id='line_1_8' title="bbox 327 1042 1439 1134; baseline 0.004 -25"><span class='ocrx_word' id='word_1_38' title='bbox 327 1043 528 1111; x_wconf 84' lang='lat' dir='ltr'>memorabili</span> <span class='ocrx_word' id='word_1_39' title='bbox 546 1042 693 1129; x_wconf 90' lang='lat' dir='ltr'>exemplo</span> <span class='ocrx_word' id='word_1_40' title='bbox 713 1042 754 1107; x_wconf 92' lang='lat' dir='ltr'>de</span> <span class='ocrx_word' id='word_1_41' title='bbox 777 1043 830 1106; x_wconf 89' lang='lat' dir='ltr'>siti</span> <span class='ocrx_word' id='word_1_42' title='bbox 848 1045 934 1129; x_wconf 85' lang='lat' dir='ltr'>regis</span> <span class='ocrx_word' id='word_1_43' title='bbox 950 1044 1060 1110; x_wconf 86' lang='lat' dir='ltr'>David</span> <span class='ocrx_word' id='word_1_44' title='bbox 1082 1046 1275 1129; x_wconf 80' lang='lat' dir='ltr'>ostenditur,</span> <span class='ocrx_word' id='word_1_45' title='bbox 1295 1047 1352 1134; x_wconf 91' lang='lat' dir='ltr'>qui</span> <span class='ocrx_word' id='word_1_46' title='bbox 1370 1065 1439 1113; x_wconf 75' lang='lat' dir='ltr'>eun</span> 
     </span>
     <span class='ocr_line' id='line_1_9' title="bbox 329 1145 1436 1232; baseline 0.003 -19"><span class='ocrx_word' id='word_1_47' title='bbox 329 1145 524 1213; x_wconf 79' lang='lat' dir='ltr'>intolerabili</span> <span class='ocrx_word' id='word_1_48' title='bbox 553 1145 715 1232; x_wconf 89' lang='lat' dir='ltr'>qnondam</span> <span class='ocrx_word' id='word_1_49' title='bbox 747 1146 800 1210; x_wconf 91' lang='lat' dir='ltr'>siti</span> <span class='ocrx_word' id='word_1_50' title='bbox 829 1155 901 1230; x_wconf 89' lang='lat' dir='ltr'>post</span> <span class='ocrx_word' id='word_1_51' title='bbox 926 1148 1083 1232; x_wconf 89' lang='lat' dir='ltr'>proelium</span> <span class='ocrx_word' id='word_1_52' title='bbox 1111 1157 1308 1232; x_wconf 82' lang='lat' dir='ltr'>vexaretur,</span> <span class='ocrx_word' id='word_1_53' title='bbox 1339 1159 1436 1221; x_wconf 73' lang='lat' dir='ltr'>omos</span> 
     </span>
    </p>
   </div>
   <div class='ocr_carea' id='block_1_4' title="bbox 363 1269 1433 1684">
    <p class='ocr_par' dir='ltr' id='par_1_5' title="bbox 363 1269 1433 1684">
     <span class='ocr_line' id='line_1_10' title="bbox 363 1269 1433 1332; baseline 0.001 -12"><span class='ocrx_word' id='word_1_54' title='bbox 363 1272 423 1321; x_wconf 71' lang='lat' dir='ltr'>Nn.</span> <span class='ocrx_word' id='word_1_55' title='bbox 442 1271 479 1317; x_wconf 87' lang='lat' dir='ltr'>De</span> <span class='ocrx_word' id='word_1_56' title='bbox 498 1283 548 1317; x_wconf 90' lang='lat' dir='ltr'>uno</span> <span class='ocrx_word' id='word_1_57' title='bbox 566 1273 651 1316; x_wconf 82' lang='lat' dir='ltr'>antem</span> <span class='ocrx_word' id='word_1_58' title='bbox 670 1269 745 1315; x_wconf 79' lang='lat' dir='ltr'>liuius</span> <span class='ocrx_word' id='word_1_59' title='bbox 764 1269 871 1316; x_wconf 88' lang='lat' dir='ltr'>membri</span> <span class='ocrx_word' id='word_1_60' title='bbox 889 1271 943 1319; x_wconf 89' lang='lat' dir='ltr'>loco</span> <span class='ocrx_word' id='word_1_61' title='bbox 962 1273 1006 1331; x_wconf 88' lang='lat' dir='ltr'>qni</span> <span class='ocrx_word' id='word_1_62' title='bbox 1034 1271 1156 1320; x_wconf 85' lang='lat' dir='ltr'>medelam</span> <span class='ocrx_word' id='word_1_63' title='bbox 1176 1273 1319 1324; x_wconf 83' lang='lat' dir='ltr'>desiderare</span> <span class='ocrx_word' id='word_1_64' title='bbox 1339 1275 1433 1332; x_wconf 72' lang='lat' dir='ltr'>vidant,</span> 
     </span>
     <span class='ocr_line' id='line_1_11' title="bbox 416 1353 1432 1418; baseline 0.004 -11"><span class='ocrx_word' id='word_1_65' title='bbox 416 1359 556 1407; x_wconf 87' lang='lat' dir='ltr'>accuratius</span> <span class='ocrx_word' id='word_1_66' title='bbox 582 1356 718 1406; x_wconf 88' lang='lat' dir='ltr'>dicendum</span> <span class='ocrx_word' id='word_1_67' title='bbox 742 1358 791 1405; x_wconf 90' lang='lat' dir='ltr'>erit</span> <span class='ocrx_word' id='word_1_68' title='bbox 815 1353 850 1417; x_wconf 86' lang='lat' dir='ltr'>(p.</span> <span class='ocrx_word' id='word_1_69' title='bbox 872 1357 930 1418; x_wconf 65' lang='lat'>214,</span> <span class='ocrx_word' id='word_1_70' title='bbox 943 1358 975 1402; x_wconf 80' lang='lat' dir='ltr'>to</span> <span class='ocrx_word' id='word_1_71' title='bbox 994 1363 1057 1418; x_wconf 84' lang='lat' dir='ltr'>etc).</span> <span class='ocrx_word' id='word_1_72' title='bbox 1095 1359 1129 1410; x_wconf 88' lang='lat' dir='ltr'>Ut</span> <span class='ocrx_word' id='word_1_73' title='bbox 1146 1363 1216 1410; x_wconf 89' lang='lat' dir='ltr'>enim</span> <span class='ocrx_word' id='word_1_74' title='bbox 1234 1368 1302 1414; x_wconf 80' lang='lat' dir='ltr'>recte</span> <span class='ocrx_word' id='word_1_75' title='bbox 1320 1361 1432 1412; x_wconf 73' lang='lat' dir='ltr'>limaisa·</span> 
     </span>
     <span class='ocr_line' id='line_1_12' title="bbox 416 1436 1429 1509; baseline 0.002 -12"><span class='ocrx_word' id='word_1_76' title='bbox 416 1448 510 1497; x_wconf 84' lang='lat' dir='ltr'>thaiins</span> <span class='ocrx_word' id='word_1_77' title='bbox 530 1447 635 1505; x_wconf 87' lang='lat' dir='ltr'>monuit,</span> <span class='ocrx_word' id='word_1_78' title='bbox 665 1449 690 1494; x_wconf 88' lang='lat' dir='ltr'>et</span> <span class='ocrx_word' id='word_1_79' title='bbox 713 1445 770 1508; x_wconf 85' lang='lat' dir='ltr'>ipss</span> <span class='ocrx_word' id='word_1_80' title='bbox 794 1444 870 1493; x_wconf 84' lang='lat' dir='ltr'>verba</span> <span class='ocrx_word' id='word_1_81' title='bbox 892 1441 938 1494; x_wconf 79' lang='lat' dir='ltr'>sai</span> <span class='ocrx_word' id='word_1_82' title='bbox 962 1436 1017 1496; x_wconf 77' lang='grc' dir='ltr'>τῶν</span> <span class='ocrx_word' id='word_1_83' title='bbox 1040 1443 1206 1509; x_wconf 71' lang='grc' dir='ltr'><strong><em>σωματικῶν</em></strong></span> <span class='ocrx_word' id='word_1_84' title='bbox 1224 1465 1302 1501; x_wconf 80' lang='lat' dir='ltr'>senen</span> <span class='ocrx_word' id='word_1_85' title='bbox 1320 1456 1429 1502; x_wconf 75' lang='lat' dir='ltr'>ostentet</span> 
     </span>
     <span class='ocr_line' id='line_1_13' title="bbox 418 1528 1427 1600; baseline 0.008 -19"><span class='ocrx_word' id='word_1_86' title='bbox 418 1540 506 1596; x_wconf 85' lang='lat' dir='ltr'>postea</span> <span class='ocrx_word' id='word_1_87' title='bbox 525 1532 683 1582; x_wconf 84' lang='lat' dir='ltr'>desideratur</span> <span class='ocrx_word' id='word_1_88' title='bbox 700 1531 808 1595; x_wconf 89' lang='lat' dir='ltr'>aliquid,</span> <span class='ocrx_word' id='word_1_89' title='bbox 827 1537 855 1580; x_wconf 88' lang='lat' dir='ltr'>nt</span> <span class='ocrx_word' id='word_1_90' title='bbox 871 1531 920 1582; x_wconf 81' lang='grc' dir='ltr'>καὶ</span> <span class='ocrx_word' id='word_1_91' title='bbox 938 1529 1041 1585; x_wconf 79' lang='grc' dir='ltr'><strong><em>τούτων</em></strong></span> <span class='ocrx_word' id='word_1_92' title='bbox 1058 1529 1111 1600; x_wconf 75' lang='grc' dir='ltr'>οὐχ</span> <span class='ocrx_word' id='word_1_93' title='bbox 1124 1528 1277 1588; x_wconf 72' lang='lat' dir='ltr'>dorcasini</span> <span class='ocrx_word' id='word_1_94' title='bbox 1290 1531 1427 1589; x_wconf 68' lang='grc' dir='ltr'><strong><em>καταδῦσαι</em></strong></span> 
     </span>
     <span class='ocr_line' id='line_1_14' title="bbox 419 1611 1294 1684; baseline 0.007 -15"><span class='ocrx_word' id='word_1_95' title='bbox 419 1613 480 1669; x_wconf 69' lang='lat' dir='ltr'>ait&#39;</span> <span class='ocrx_word' id='word_1_96' title='bbox 500 1611 568 1668; x_wconf 78' lang='grc' dir='ltr'>ὥστε</span> <span class='ocrx_word' id='word_1_97' title='bbox 586 1611 683 1677; x_wconf 72' lang='grc' dir='ltr'><strong><em>αὐτοῖς</em></strong></span> <span class='ocrx_word' id='word_1_98' title='bbox 700 1614 739 1684; x_wconf 78' lang='grc' dir='ltr'><em>μή</em></span> <span class='ocrx_word' id='word_1_99' title='bbox 759 1613 843 1674; x_wconf 77' lang='grc' dir='ltr'><strong><em>εἶξαι.</em></strong></span> <span class='ocrx_word' id='word_1_100' title='bbox 883 1621 955 1671; x_wconf 89' lang='lat' dir='ltr'>Dicit</span> <span class='ocrx_word' id='word_1_101' title='bbox 973 1625 1039 1672; x_wconf 88' lang='lat' dir='ltr'>enim</span> <span class='ocrx_word' id='word_1_102' title='bbox 1057 1627 1095 1673; x_wconf 86' lang='lat' dir='ltr'>vir</span> <span class='ocrx_word' id='word_1_103' title='bbox 1113 1625 1201 1676; x_wconf 87' lang='lat' dir='ltr'>doctus</span> <span class='ocrx_word' id='word_1_104' title='bbox 1221 1628 1294 1677; x_wconf 88' lang='lat' dir='ltr'>haec:</span> 
     </span>
    </p>
   </div>
   <div class='ocr_carea' id='block_1_5' title="bbox 419 1727 1442 2322">
    <p class='ocr_par' dir='ltr' id='par_1_6' title="bbox 419 1727 1442 2322">
     <span class='ocr_line' id='line_1_15' title="bbox 474 1727 1432 1795; baseline 0.005 -20"><span class='ocrx_word' id='word_1_105' title='bbox 474 1729 538 1787; x_wconf 88' lang='lat' dir='ltr'>,Die</span> <span class='ocrx_word' id='word_1_106' title='bbox 556 1728 695 1789; x_wconf 72' lang='lat' dir='ltr'>Romuleis,</span> <span class='ocrx_word' id='word_1_107' title='bbox 725 1727 766 1774; x_wconf 88' lang='lat' dir='ltr'>die</span> <span class='ocrx_word' id='word_1_108' title='bbox 787 1730 846 1786; x_wconf 73' lang='lat' dir='ltr'>aie,</span> <span class='ocrx_word' id='word_1_109' title='bbox 862 1728 893 1774; x_wconf 75' lang='lat'>25</span> <span class='ocrx_word' id='word_1_110' title='bbox 921 1729 1055 1787; x_wconf 80' lang='lat' dir='ltr'>angelithrt</span> <span class='ocrx_word' id='word_1_111' title='bbox 1083 1732 1191 1794; x_wconf 77' lang='lat' dir='ltr'>werden,</span> <span class='ocrx_word' id='word_1_112' title='bbox 1217 1747 1308 1795; x_wconf 76' lang='lat' dir='ltr'>persen</span> <span class='ocrx_word' id='word_1_113' title='bbox 1327 1733 1432 1784; x_wconf 83' lang='lat' dir='ltr'>nlohtm</span> 
     </span>
     <span class='ocr_line' id='line_1_16' title="bbox 419 1807 1434 1889; baseline 0.01 -26"><span class='ocrx_word' id='word_1_114' title='bbox 419 1815 467 1863; x_wconf 87' lang='lat' dir='ltr'>den</span> <span class='ocrx_word' id='word_1_115' title='bbox 486 1815 652 1863; x_wconf 83' lang='lat' dir='ltr'>unmittelbar</span> <span class='ocrx_word' id='word_1_116' title='bbox 672 1811 898 1861; x_wconf 83' lang='lat' dir='ltr'>vorherstehenden</span> <span class='ocrx_word' id='word_1_117' title='bbox 916 1814 1018 1863; x_wconf 86' lang='lat' dir='ltr'>Worten</span> <span class='ocrx_word' id='word_1_118' title='bbox 1037 1807 1110 1865; x_wconf 72' lang='grc' dir='ltr'><strong><em>α’λδοὶ</em></strong></span> <span class='ocrx_word' id='word_1_119' title='bbox 1131 1812 1185 1870; x_wconf 78' lang='grc' dir='ltr'>τωο</span> <span class='ocrx_word' id='word_1_120' title='bbox 1201 1816 1334 1885; x_wconf 76' lang='grc' dir='ltr'><strong><em>σώματος</em></strong></span> <span class='ocrx_word' id='word_1_121' title='bbox 1347 1828 1434 1889; x_wconf 74' lang='lat' dir='ltr'>(naga</span> 
     </span>
     <span class='ocr_line' id='line_1_17' title="bbox 419 1898 1436 1977; baseline 0.009 -24"><span class='ocrx_word' id='word_1_122' title='bbox 419 1898 515 1962; x_wconf 80' lang='grc' dir='ltr'><strong><em>ταιῶν).</em></strong></span> <span class='ocrx_word' id='word_1_123' title='bbox 534 1904 574 1964; x_wconf 83' lang='lat' dir='ltr'>Ja,</span> <span class='ocrx_word' id='word_1_124' title='bbox 593 1903 664 1952; x_wconf 83' lang='lat' dir='ltr'>disse</span> <span class='ocrx_word' id='word_1_125' title='bbox 681 1903 767 1951; x_wconf 85' lang='lat' dir='ltr'>Worte</span> <span class='ocrx_word' id='word_1_126' title='bbox 785 1900 844 1950; x_wconf 87' lang='lat' dir='ltr'>sind</span> <span class='ocrx_word' id='word_1_127' title='bbox 862 1915 927 1962; x_wconf 87' lang='lat' dir='ltr'>ganz</span> <span class='ocrx_word' id='word_1_128' title='bbox 944 1906 1075 1966; x_wconf 77' lang='lat' dir='ltr'>unsinnig.</span> <span class='ocrx_word' id='word_1_129' title='bbox 1094 1909 1167 1957; x_wconf 88' lang='lat' dir='ltr'>Danu</span> <span class='ocrx_word' id='word_1_130' title='bbox 1179 1912 1244 1960; x_wconf 76' lang='lat' dir='ltr'>wie?</span> <span class='ocrx_word' id='word_1_131' title='bbox 1263 1913 1436 1977; x_wconf 74' lang='lat' dir='ltr'>Padosephm,</span> 
     </span>
     <span class='ocr_line' id='line_1_18' title="bbox 419 1992 1440 2053; baseline 0.006 -11"><span class='ocrx_word' id='word_1_132' title='bbox 419 1994 464 2042; x_wconf 88' lang='lat' dir='ltr'>der</span> <span class='ocrx_word' id='word_1_133' title='bbox 481 1995 529 2042; x_wconf 86' lang='lat' dir='ltr'>elie</span> <span class='ocrx_word' id='word_1_134' title='bbox 548 1992 840 2052; x_wconf 76' lang='lat' dir='ltr'>Gemiiihsbewegungen</span> <span class='ocrx_word' id='word_1_135' title='bbox 867 1992 895 2039; x_wconf 92' lang='lat' dir='ltr'>in</span> <span class='ocrx_word' id='word_1_136' title='bbox 913 1993 1071 2053; x_wconf 80' lang='lat' dir='ltr'>korpsriicha</span> <span class='ocrx_word' id='word_1_137' title='bbox 1091 1996 1142 2044; x_wconf 90' lang='lat' dir='ltr'>und</span> <span class='ocrx_word' id='word_1_138' title='bbox 1161 1999 1284 2048; x_wconf 84' lang='lat' dir='ltr'>secliscbe</span> <span class='ocrx_word' id='word_1_139' title='bbox 1302 2000 1380 2050; x_wconf 88' lang='lat' dir='ltr'>tbeilt</span> <span class='ocrx_word' id='word_1_140' title='bbox 1395 2000 1440 2050; x_wconf 83' lang='lat' dir='ltr'>nni</span> 
     </span>
     <span class='ocr_line' id='line_1_19' title="bbox 421 2078 1440 2150; baseline 0.005 -19"><span class='ocrx_word' id='word_1_141' title='bbox 421 2080 570 2131; x_wconf 80' lang='lat' dir='ltr'>wiederbolt</span> <span class='ocrx_word' id='word_1_142' title='bbox 588 2080 738 2143; x_wconf 84' lang='lat' dir='ltr'>ausspricirt,</span> <span class='ocrx_word' id='word_1_143' title='bbox 764 2078 822 2127; x_wconf 88' lang='lat' dir='ltr'>dass</span> <span class='ocrx_word' id='word_1_144' title='bbox 840 2081 901 2127; x_wconf 75' lang='lat' dir='ltr'>fiber</span> <span class='ocrx_word' id='word_1_145' title='bbox 918 2081 993 2131; x_wconf 86' lang='lat' dir='ltr'>beide</span> <span class='ocrx_word' id='word_1_146' title='bbox 1011 2083 1054 2131; x_wconf 88' lang='lat' dir='ltr'>dle</span> <span class='ocrx_word' id='word_1_147' title='bbox 1073 2084 1201 2134; x_wconf 80' lang='lat' dir='ltr'>Vernnnit</span> <span class='ocrx_word' id='word_1_148' title='bbox 1218 2087 1345 2150; x_wconf 73' lang='lat' dir='ltr'>bernabe,</span> <span class='ocrx_word' id='word_1_149' title='bbox 1374 2091 1440 2142; x_wconf 81' lang='lat' dir='ltr'>salita</span> 
     </span>
     <span class='ocr_line' id='line_1_20' title="bbox 419 2167 1442 2231; baseline 0.011 -14"><span class='ocrx_word' id='word_1_150' title='bbox 419 2169 475 2217; x_wconf 88' lang='lat' dir='ltr'>hier</span> <span class='ocrx_word' id='word_1_151' title='bbox 501 2169 536 2216; x_wconf 92' lang='lat' dir='ltr'>im</span> <span class='ocrx_word' id='word_1_152' title='bbox 562 2167 701 2218; x_wconf 76' lang='lat' dir='ltr'>ecbirfsten</span> <span class='ocrx_word' id='word_1_153' title='bbox 721 2167 875 2228; x_wconf 83' lang='lat' dir='ltr'>Gegensstze</span> <span class='ocrx_word' id='word_1_154' title='bbox 901 2180 978 2228; x_wconf 78' lang='lat' dir='ltr'>sagon</span> <span class='ocrx_word' id='word_1_155' title='bbox 1002 2172 1100 2231; x_wconf 78' lang='lat' dir='ltr'>wellen,</span> <span class='ocrx_word' id='word_1_156' title='bbox 1131 2173 1189 2222; x_wconf 86' lang='lat' dir='ltr'>dass</span> <span class='ocrx_word' id='word_1_157' title='bbox 1208 2176 1245 2224; x_wconf 90' lang='lat' dir='ltr'>sie</span> <span class='ocrx_word' id='word_1_158' title='bbox 1263 2189 1312 2225; x_wconf 86' lang='lat' dir='ltr'>nur</span> <span class='ocrx_word' id='word_1_159' title='bbox 1330 2179 1392 2228; x_wconf 87' lang='lat' dir='ltr'>iiber</span> <span class='ocrx_word' id='word_1_160' title='bbox 1407 2177 1442 2227; x_wconf 85' lang='lat' dir='ltr'>dis</span> 
     </span>
     <span class='ocr_line' id='line_1_21' title="bbox 420 2252 1118 2322; baseline 0 -14"><span class='ocrx_word' id='word_1_161' title='bbox 420 2258 594 2322; x_wconf 67' lang='lat' dir='ltr'>kerperiichen</span> <span class='ocrx_word' id='word_1_162' title='bbox 613 2252 698 2321; x_wconf 71' lang='grc' dir='ltr'>πάδη</span> <span class='ocrx_word' id='word_1_163' title='bbox 715 2270 747 2305; x_wconf 89' lang='lat' dir='ltr'>zu</span> <span class='ocrx_word' id='word_1_164' title='bbox 766 2256 900 2309; x_wconf 87' lang='lat' dir='ltr'>herrscben</span> <span class='ocrx_word' id='word_1_165' title='bbox 919 2260 1024 2309; x_wconf 85' lang='lat' dir='ltr'>beroien</span> <span class='ocrx_word' id='word_1_166' title='bbox 1043 2262 1118 2311; x_wconf 79' lang='lat' dir='ltr'>seii“</span> 
     </span>
    </p>
   </div>
   <div class='ocr_carea' id='block_1_6' title="bbox 418 2361 1450 2692">
    <p class='ocr_par' dir='ltr' id='par_1_7' title="bbox 418 2361 1450 2692">
     <span class='ocr_line' id='line_1_22' title="bbox 471 2361 1447 2428; baseline 0.008 -17"><span class='ocrx_word' id='word_1_167' title='bbox 471 2362 520 2411; x_wconf 86' lang='lat' dir='ltr'>Sed</span> <span class='ocrx_word' id='word_1_168' title='bbox 540 2363 685 2411; x_wconf 79' lang='lat' dir='ltr'>etiamalio</span> <span class='ocrx_word' id='word_1_169' title='bbox 702 2361 768 2409; x_wconf 84' lang='lat' dir='ltr'>vitia</span> <span class='ocrx_word' id='word_1_170' title='bbox 787 2362 880 2422; x_wconf 86' lang='lat' dir='ltr'>insunt,</span> <span class='ocrx_word' id='word_1_171' title='bbox 906 2377 969 2425; x_wconf 80' lang='lat' dir='ltr'>quae</span> <span class='ocrx_word' id='word_1_172' title='bbox 989 2363 1210 2414; x_wconf 82' lang='lat' dir='ltr'>Fraudenthalium</span> <span class='ocrx_word' id='word_1_173' title='bbox 1228 2367 1359 2428; x_wconf 82' lang='lat' dir='ltr'>ingerunt.</span> <span class='ocrx_word' id='word_1_174' title='bbox 1392 2369 1447 2419; x_wconf 80' lang='lat' dir='ltr'>Ete-</span> 
     </span>
     <span class='ocr_line' id='line_1_23' title="bbox 418 2447 1447 2514; baseline 0.008 -16"><span class='ocrx_word' id='word_1_175' title='bbox 418 2451 470 2498; x_wconf 92' lang='lat' dir='ltr'>nim</span> <span class='ocrx_word' id='word_1_176' title='bbox 496 2462 553 2498; x_wconf 88' lang='lat' dir='ltr'>eum</span> <span class='ocrx_word' id='word_1_177' title='bbox 579 2448 618 2495; x_wconf 85' lang='lat' dir='ltr'>Pe.</span> <span class='ocrx_word' id='word_1_178' title='bbox 637 2447 763 2509; x_wconf 87' lang='lat' dir='ltr'>Josephus</span> <span class='ocrx_word' id='word_1_179' title='bbox 787 2451 910 2498; x_wconf 86' lang='lat' dir='ltr'>sermonis</span> <span class='ocrx_word' id='word_1_180' title='bbox 934 2452 1072 2512; x_wconf 75' lang='lat' dir='ltr'>elegantiae</span> <span class='ocrx_word' id='word_1_181' title='bbox 1098 2466 1196 2514; x_wconf 80' lang='lat' dir='ltr'>semper</span> <span class='ocrx_word' id='word_1_182' title='bbox 1224 2453 1329 2506; x_wconf 74' lang='lat' dir='ltr'>studeat</span> <span class='ocrx_word' id='word_1_183' title='bbox 1355 2469 1447 2506; x_wconf 83' lang='lat' dir='ltr'>omnes·</span> 
     </span>
     <span class='ocr_line' id='line_1_24' title="bbox 419 2535 1449 2602; baseline 0.012 -18"><span class='ocrx_word' id='word_1_184' title='bbox 419 2550 467 2598; x_wconf 88' lang='lat' dir='ltr'>que</span> <span class='ocrx_word' id='word_1_185' title='bbox 493 2536 616 2583; x_wconf 87' lang='lat' dir='ltr'>orationis</span> <span class='ocrx_word' id='word_1_186' title='bbox 642 2535 761 2583; x_wconf 79' lang='lat' dir='ltr'>flosculos</span> <span class='ocrx_word' id='word_1_187' title='bbox 787 2537 866 2585; x_wconf 78' lang='lat' dir='ltr'>soleat</span> <span class='ocrx_word' id='word_1_188' title='bbox 889 2545 996 2602; x_wconf 83' lang='lat' dir='ltr'>captare,</span> <span class='ocrx_word' id='word_1_189' title='bbox 1027 2543 1112 2590; x_wconf 86' lang='lat' dir='ltr'>neseio</span> <span class='ocrx_word' id='word_1_190' title='bbox 1136 2556 1180 2590; x_wconf 90' lang='lat' dir='ltr'>cur</span> <span class='ocrx_word' id='word_1_191' title='bbox 1197 2547 1267 2592; x_wconf 82' lang='lat' dir='ltr'>tauta</span> <span class='ocrx_word' id='word_1_192' title='bbox 1286 2543 1336 2594; x_wconf 84' lang='lat' dir='ltr'>boo</span> <span class='ocrx_word' id='word_1_193' title='bbox 1354 2547 1410 2598; x_wconf 89' lang='lat' dir='ltr'>loco</span> <span class='ocrx_word' id='word_1_194' title='bbox 1425 2549 1449 2596; x_wconf 86' lang='lat' dir='ltr'>in</span> 
     </span>
     <span class='ocr_line' id='line_1_25' title="bbox 418 2623 1450 2692; baseline 0.016 -21"><span class='ocrx_word' id='word_1_195' title='bbox 418 2623 527 2674; x_wconf 87' lang='lat' dir='ltr'>dicendo</span> <span class='ocrx_word' id='word_1_196' title='bbox 546 2624 706 2682; x_wconf 79' lang='lat' dir='ltr'>neglegentia</span> <span class='ocrx_word' id='word_1_197' title='bbox 724 2637 785 2671; x_wconf 87' lang='lat' dir='ltr'>usus</span> <span class='ocrx_word' id='word_1_198' title='bbox 803 2626 846 2686; x_wconf 89' lang='lat' dir='ltr'>sit,</span> <span class='ocrx_word' id='word_1_199' title='bbox 864 2633 894 2674; x_wconf 91' lang='lat' dir='ltr'>ut</span> <span class='ocrx_word' id='word_1_200' title='bbox 911 2631 949 2674; x_wconf 89' lang='lat' dir='ltr'>ter</span> <span class='ocrx_word' id='word_1_201' title='bbox 966 2628 1084 2692; x_wconf 85' lang='lat' dir='ltr'>deinceps</span> <span class='ocrx_word' id='word_1_202' title='bbox 1102 2631 1170 2680; x_wconf 86' lang='lat' dir='ltr'>idem</span> <span class='ocrx_word' id='word_1_203' title='bbox 1189 2633 1291 2681; x_wconf 84' lang='lat' dir='ltr'>verbum</span> <span class='ocrx_word' id='word_1_204' title='bbox 1311 2628 1450 2688; x_wconf 64' lang='grc' dir='ltr'>δηκόκταν</span> 
     </span>
    </p>
   </div>
   <div class='ocr_carea' id='block_1_7' title="bbox 419 2709 1449 2851">
    <p class='ocr_par' dir='ltr' id='par_1_8' title="bbox 419 2709 1449 2851">
     <span class='ocr_line' id='line_1_26' title="bbox 419 2709 1449 2785; baseline 0.013 -25"><span class='ocrx_word' id='word_1_205' title='bbox 419 2711 559 2760; x_wconf 82' lang='lat' dir='ltr'>adhiberet.</span> <span class='ocrx_word' id='word_1_206' title='bbox 588 2709 711 2759; x_wconf 80' lang='lat' dir='ltr'>Omnibus</span> <span class='ocrx_word' id='word_1_207' title='bbox 732 2714 800 2759; x_wconf 84' lang='lat' dir='ltr'>enim</span> <span class='ocrx_word' id='word_1_208' title='bbox 819 2714 885 2775; x_wconf 87' lang='lat' dir='ltr'>qnod</span> <span class='ocrx_word' id='word_1_209' title='bbox 905 2719 956 2765; x_wconf 90' lang='lat' dir='ltr'>scio</span> <span class='ocrx_word' id='word_1_210' title='bbox 975 2718 1081 2785; x_wconf 86' lang='lat' dir='ltr'>reliquis</span> <span class='ocrx_word' id='word_1_211' title='bbox 1100 2721 1165 2770; x_wconf 90' lang='lat' dir='ltr'>iocis</span> <span class='ocrx_word' id='word_1_212' title='bbox 1184 2723 1311 2770; x_wconf 84' lang='lat' dir='ltr'>orationis</span> <span class='ocrx_word' id='word_1_213' title='bbox 1333 2727 1449 2777; x_wconf 86' lang='lat' dir='ltr'>elocutio·</span> 
     </span>
     <span class='ocr_line' id='line_1_27' title="bbox 419 2799 827 2851; baseline 0.007 -3"><span class='ocrx_word' id='word_1_214' title='bbox 419 2814 465 2851; x_wconf 87' lang='lat' dir='ltr'>nes</span> <span class='ocrx_word' id='word_1_215' title='bbox 487 2799 600 2849; x_wconf 82' lang='lat' dir='ltr'>variandi</span> <span class='ocrx_word' id='word_1_216' title='bbox 618 2813 693 2850; x_wconf 88' lang='lat' dir='ltr'>causa</span> <span class='ocrx_word' id='word_1_217' title='bbox 711 2801 827 2851; x_wconf 87' lang='lat' dir='ltr'>mutavit.</span> 
     </span>
    </p>
   </div>
   <div class='ocr_carea' id='block_1_8' title="bbox 474 2901 1450 3057">
    <p class='ocr_par' dir='ltr' id='par_1_9' title="bbox 474 2901 1450 3057">
     <span class='ocr_line' id='line_1_28' title="bbox 474 2901 1450 2980; baseline 0.018 -31"><span class='ocrx_word' id='word_1_218' title='bbox 474 2906 511 2957; x_wconf 79' lang='lat' dir='ltr'>Gr,</span> <span class='ocrx_word' id='word_1_219' title='bbox 530 2922 554 2970; x_wconf 80' lang='lat' dir='ltr'>p.</span> <span class='ocrx_word' id='word_1_220' title='bbox 575 2909 635 2965; x_wconf 77' lang='lat'>273,</span> <span class='ocrx_word' id='word_1_221' title='bbox 648 2908 679 2953; x_wconf 72' lang='grc' dir='ltr'>*ιι</span> <span class='ocrx_word' id='word_1_222' title='bbox 699 2909 813 2970; x_wconf 77' lang='grc' dir='ltr'><strong><em>κρατοῖ.</em></strong></span> <span class='ocrx_word' id='word_1_223' title='bbox 830 2944 859 2959; x_wconf 90' lang='grc'>..</span> <span class='ocrx_word' id='word_1_224' title='bbox 882 2901 1041 2975; x_wconf 77' lang='grc' dir='ltr'><strong><em>ιἰιικρατιῖ.</em></strong></span> <span class='ocrx_word' id='word_1_225' title='bbox 1059 2949 1065 2962; x_wconf 93' lang='grc'>.</span> <span class='ocrx_word' id='word_1_226' title='bbox 1082 2950 1089 2963; x_wconf 87' lang='grc'><strong>.</strong></span> <span class='ocrx_word' id='word_1_227' title='bbox 1104 2910 1223 2978; x_wconf 67' lang='lat' dir='ltr'>napserim</span> <span class='ocrx_word' id='word_1_228' title='bbox 1234 2950 1241 2965; x_wconf 91' lang='lat'><strong>.</strong></span> <span class='ocrx_word' id='word_1_229' title='bbox 1254 2952 1261 2966; x_wconf 88' lang='lat'><strong>.</strong></span> <span class='ocrx_word' id='word_1_230' title='bbox 1276 2952 1284 2967; x_wconf 90' lang='lat'><strong>.</strong></span> <span class='ocrx_word' id='word_1_231' title='bbox 1301 2953 1309 2968; x_wconf 89' lang='lat'><strong>.</strong></span> <span class='ocrx_word' id='word_1_232' title='bbox 1327 2916 1450 2980; x_wconf 74' lang='grc' dir='ltr'><strong><em>δισκόζιι</em></strong></span> 
     </span>
     <span class='ocr_line' id='line_1_29' title="bbox 474 2987 1272 3057; baseline 0.014 -15"><span class='ocrx_word' id='word_1_233' title='bbox 474 2996 512 3044; x_wconf 81' lang='lat' dir='ltr'>vel</span> <span class='ocrx_word' id='word_1_234' title='bbox 533 3008 558 3057; x_wconf 88' lang='lat' dir='ltr'>p.</span> <span class='ocrx_word' id='word_1_235' title='bbox 579 2996 638 3054; x_wconf 74' lang='lat'>279,</span> <span class='ocrx_word' id='word_1_236' title='bbox 649 2995 679 3040; x_wconf 73' lang='lat' dir='ltr'>ti</span> <span class='ocrx_word' id='word_1_237' title='bbox 701 2987 873 3046; x_wconf 78' lang='grc' dir='ltr'><strong><em>ἐκδιδάσκει.</em></strong></span> <span class='ocrx_word' id='word_1_238' title='bbox 891 3032 918 3046; x_wconf 93' lang='grc'>..</span> <span class='ocrx_word' id='word_1_239' title='bbox 936 2992 1085 3053; x_wconf 54' lang='lat' dir='ltr'>,idaeam</span> <span class='ocrx_word' id='word_1_240' title='bbox 1102 3038 1108 3052; x_wconf 93' lang='lat'><em>.</em></span> <span class='ocrx_word' id='word_1_241' title='bbox 1124 3039 1130 3053; x_wconf 88' lang='lat'>.</span> <span class='ocrx_word' id='word_1_242' title='bbox 1145 3000 1272 3053; x_wconf 74' lang='grc' dir='ltr'><strong><em>ααιδιύιι</em></strong></span> 
     </span>
    </p>
   </div>
   <div class='ocr_carea' id='block_1_9' title="bbox 474 3093 1451 3177">
    <p class='ocr_par' dir='ltr' id='par_1_10' title="bbox 474 3093 1451 3177">
     <span class='ocr_line' id='line_1_30' title="bbox 474 3093 1451 3177; baseline 0.015 -30"><span class='ocrx_word' id='word_1_243' title='bbox 474 3100 579 3149; x_wconf 81' lang='lat' dir='ltr'>Accedit</span> <span class='ocrx_word' id='word_1_244' title='bbox 597 3099 663 3162; x_wconf 90' lang='lat' dir='ltr'>qnod</span> <span class='ocrx_word' id='word_1_245' title='bbox 683 3101 841 3149; x_wconf 89' lang='lat' dir='ltr'>enuntiatum</span> <span class='ocrx_word' id='word_1_246' title='bbox 860 3097 935 3151; x_wconf 77' lang='lat' dir='ltr'>oillei</span> <span class='ocrx_word' id='word_1_247' title='bbox 957 3097 993 3166; x_wconf 74' lang='grc' dir='ltr'>τῷ</span> <span class='ocrx_word' id='word_1_248' title='bbox 1012 3100 1137 3170; x_wconf 73' lang='grc' dir='ltr'><strong><em>λογισμῷ</em></strong></span> <span class='ocrx_word' id='word_1_249' title='bbox 1157 3093 1451 3177; x_wconf 56' lang='lat' dir='ltr'>tererestereres</span> 
     </span>
    </p>
   </div>
   <div class='ocr_carea' id='block_1_10' title="bbox 321 3181 1450 3340">
    <p class='ocr_par' dir='ltr' id='par_1_11' title="bbox 321 3181 1450 3340">
     <span class='ocr_line' id='line_1_31' title="bbox 420 3181 1450 3267; baseline 0.015 -33"><span class='ocrx_word' id='word_1_250' title='bbox 420 3183 478 3251; x_wconf 80' lang='grc' dir='ltr'>μόο</span> <span class='ocrx_word' id='word_1_251' title='bbox 493 3181 644 3252; x_wconf 75' lang='grc' dir='ltr'><strong><em>βοηθῆσαι</em></strong></span> <span class='ocrx_word' id='word_1_252' title='bbox 663 3189 699 3236; x_wconf 91' lang='lat' dir='ltr'>ita</span> <span class='ocrx_word' id='word_1_253' title='bbox 716 3189 880 3238; x_wconf 75' lang='lat' dir='ltr'>deformatum</span> <span class='ocrx_word' id='word_1_254' title='bbox 900 3199 944 3247; x_wconf 86' lang='lat' dir='ltr'>est,</span> <span class='ocrx_word' id='word_1_255' title='bbox 973 3200 999 3243; x_wconf 86' lang='lat' dir='ltr'>nt</span> <span class='ocrx_word' id='word_1_256' title='bbox 1017 3195 1076 3254; x_wconf 88' lang='lat' dir='ltr'>qnid</span> <span class='ocrx_word' id='word_1_257' title='bbox 1095 3196 1146 3244; x_wconf 87' lang='lat' dir='ltr'>sibi</span> <span class='ocrx_word' id='word_1_258' title='bbox 1166 3197 1235 3259; x_wconf 87' lang='lat' dir='ltr'>velit,</span> <span class='ocrx_word' id='word_1_259' title='bbox 1261 3200 1395 3262; x_wconf 72' lang='lat' dir='ltr'>suspicari</span> <span class='ocrx_word' id='word_1_260' title='bbox 1410 3213 1450 3267; x_wconf 80' lang='lat' dir='ltr'>po·</span> 
     </span>
     <span class='ocr_line' id='line_1_32' title="bbox 321 3276 1354 3340; baseline 0.002 -14"><span class='ocrx_word' id='word_1_261' title='bbox 321 3314 324 3320; x_wconf 87' lang='lat'><em>.</em></span> <span class='ocrx_word' id='word_1_262' title='bbox 421 3281 480 3340; x_wconf 88' lang='lat' dir='ltr'>tius,</span> <span class='ocrx_word' id='word_1_263' title='bbox 498 3291 572 3338; x_wconf 86' lang='lat' dir='ltr'>qnam</span> <span class='ocrx_word' id='word_1_264' title='bbox 592 3278 738 3339; x_wconf 88' lang='lat' dir='ltr'>intellegere</span> <span class='ocrx_word' id='word_1_265' title='bbox 757 3280 839 3328; x_wconf 85' lang='lat' dir='ltr'>liceat.</span> <span class='ocrx_word' id='word_1_266' title='bbox 1350 3276 1354 3283; x_wconf 83' lang='lat'>&#39;</span> 
     </span>
    </p>
   </div>
   <div class='ocr_carea' id='block_1_11' title="bbox 421 3377 1450 3543">
    <p class='ocr_par' dir='ltr' id='par_1_12' title="bbox 421 3377 1450 3543">
     <span class='ocr_line' id='line_1_33' title="bbox 475 3377 1450 3464; baseline 0.016 -35"><span class='ocrx_word' id='word_1_267' title='bbox 475 3384 557 3444; x_wconf 86' lang='lat' dir='ltr'>Vulgo</span> <span class='ocrx_word' id='word_1_268' title='bbox 582 3383 683 3448; x_wconf 86' lang='lat' dir='ltr'>quidem</span> <span class='ocrx_word' id='word_1_269' title='bbox 707 3386 800 3445; x_wconf 88' lang='lat' dir='ltr'>legitur</span> <span class='ocrx_word' id='word_1_270' title='bbox 824 3377 898 3435; x_wconf 72' lang='grc' dir='ltr'><strong><em>α’λδοὶ</em></strong></span> <span class='ocrx_word' id='word_1_271' title='bbox 925 3379 960 3450; x_wconf 66' lang='grc' dir='ltr'>τῴ</span> <span class='ocrx_word' id='word_1_272' title='bbox 979 3382 1017 3451; x_wconf 77' lang='grc' dir='ltr'><em>μή</em></span> <span class='ocrx_word' id='word_1_273' title='bbox 1037 3384 1220 3452; x_wconf 72' lang='grc' dir='ltr'><strong><em>δουλωθῆναι</em></strong></span> <span class='ocrx_word' id='word_1_274' title='bbox 1239 3384 1276 3456; x_wconf 74' lang='grc' dir='ltr'>τῷ</span> <span class='ocrx_word' id='word_1_275' title='bbox 1296 3389 1392 3464; x_wconf 55' lang='grc' dir='ltr'><strong><em>θυμοῖ</em></strong></span> <span class='ocrx_word' id='word_1_276' title='bbox 1410 3403 1450 3449; x_wconf 85' lang='lat' dir='ltr'>otc.</span> 
     </span>
     <span class='ocr_line' id='line_1_34' title="bbox 421 3472 1450 3543; baseline 0.013 -22"><span class='ocrx_word' id='word_1_277' title='bbox 421 3472 465 3522; x_wconf 89' lang='lat' dir='ltr'>sed</span> <span class='ocrx_word' id='word_1_278' title='bbox 491 3473 552 3522; x_wconf 88' lang='lat' dir='ltr'>haec</span> <span class='ocrx_word' id='word_1_279' title='bbox 570 3475 703 3536; x_wconf 85' lang='lat' dir='ltr'>scriptura,</span> <span class='ocrx_word' id='word_1_280' title='bbox 733 3487 796 3536; x_wconf 85' lang='lat' dir='ltr'>qnae</span> <span class='ocrx_word' id='word_1_281' title='bbox 815 3476 843 3520; x_wconf 91' lang='lat' dir='ltr'>in</span> <span class='ocrx_word' id='word_1_282' title='bbox 862 3476 1030 3524; x_wconf 86' lang='lat' dir='ltr'>deterioribus</span> <span class='ocrx_word' id='word_1_283' title='bbox 1049 3478 1124 3527; x_wconf 90' lang='lat' dir='ltr'>libris</span> <span class='ocrx_word' id='word_1_284' title='bbox 1143 3485 1232 3543; x_wconf 81' lang='lat' dir='ltr'>exstat,</span> <span class='ocrx_word' id='word_1_285' title='bbox 1258 3484 1410 3536; x_wconf 79' lang='lat' dir='ltr'>alibrariis</span> <span class='ocrx_word' id='word_1_286' title='bbox 1426 3491 1450 3535; x_wconf 84' lang='lat' dir='ltr'>nt</span> 
     </span>
    </p>
   </div>
   <div class='ocr_carea' id='block_1_12' title="bbox 421 3562 1449 3726">
    <p class='ocr_par' dir='ltr' id='par_1_13' title="bbox 421 3562 1449 3726">
     <span class='ocr_line' id='line_1_35' title="bbox 422 3562 1449 3633; baseline 0.018 -25"><span class='ocrx_word' id='word_1_287' title='bbox 422 3562 514 3623; x_wconf 87' lang='lat' dir='ltr'>opinor</span> <span class='ocrx_word' id='word_1_288' title='bbox 531 3566 641 3611; x_wconf 87' lang='lat' dir='ltr'>correcta</span> <span class='ocrx_word' id='word_1_289' title='bbox 659 3567 703 3622; x_wconf 79' lang='lat' dir='ltr'>cst,</span> <span class='ocrx_word' id='word_1_290' title='bbox 723 3576 804 3624; x_wconf 87' lang='lat' dir='ltr'>neque</span> <span class='ocrx_word' id='word_1_291' title='bbox 821 3565 905 3611; x_wconf 84' lang='lat' dir='ltr'>minus</span> <span class='ocrx_word' id='word_1_292' title='bbox 923 3567 1029 3614; x_wconf 85' lang='lat' dir='ltr'>molesta</span> <span class='ocrx_word' id='word_1_293' title='bbox 1048 3567 1156 3630; x_wconf 87' lang='lat' dir='ltr'>videtur,</span> <span class='ocrx_word' id='word_1_294' title='bbox 1175 3573 1321 3633; x_wconf 72' lang='lat' dir='ltr'>annoanlo</span> <span class='ocrx_word' id='word_1_295' title='bbox 1333 3580 1395 3625; x_wconf 81' lang='lat' dir='ltr'>ante</span> <span class='ocrx_word' id='word_1_296' title='bbox 1406 3575 1449 3624; x_wconf 76' lang='lat' dir='ltr'>ian</span> 
     </span>
     <span class='ocr_line' id='line_1_36' title="bbox 421 3640 1286 3726; baseline 0.013 -29"><span class='ocrx_word' id='word_1_297' title='bbox 421 3649 517 3698; x_wconf 86' lang='lat' dir='ltr'>dictum</span> <span class='ocrx_word' id='word_1_298' title='bbox 535 3652 568 3699; x_wconf 82' lang='lat' dir='ltr'>sit</span> <span class='ocrx_word' id='word_1_299' title='bbox 587 3640 678 3699; x_wconf 73' lang='grc' dir='ltr'><strong><em>α’λλοὶ</em></strong></span> <span class='ocrx_word' id='word_1_300' title='bbox 700 3646 736 3699; x_wconf 83' lang='grc' dir='ltr'><strong><em>τό</em></strong></span> <span class='ocrx_word' id='word_1_301' title='bbox 755 3648 802 3714; x_wconf 82' lang='grc' dir='ltr'><em>μή</em></span> <span class='ocrx_word' id='word_1_302' title='bbox 822 3645 1065 3716; x_wconf 73' lang='grc' dir='ltr'><strong><em>δουλωθῆναι</em></strong></span> <span class='ocrx_word' id='word_1_303' title='bbox 1085 3648 1116 3718; x_wconf 70' lang='grc' dir='ltr'>τῇ</span> <span class='ocrx_word' id='word_1_304' title='bbox 1135 3649 1286 3726; x_wconf 72' lang='grc' dir='ltr'><strong><em>ἐπιθυμίᾳ.</em></strong></span> 
     </span>
    </p>
   </div>
   <div class='ocr_carea' id='block_1_13' title="bbox 423 3757 1478 4105">
    <p class='ocr_par' dir='ltr' id='par_1_14' title="bbox 423 3757 1478 4105">
     <span class='ocr_line' id='line_1_37' title="bbox 475 3757 1478 3833; baseline 0.018 -30"><span class='ocrx_word' id='word_1_305' title='bbox 475 3757 613 3818; x_wconf 82' lang='lat' dir='ltr'>Praeterea,</span> <span class='ocrx_word' id='word_1_306' title='bbox 634 3770 689 3805; x_wconf 89' lang='lat' dir='ltr'>cum</span> <span class='ocrx_word' id='word_1_307' title='bbox 708 3761 826 3807; x_wconf 86' lang='lat' dir='ltr'>omnibus</span> <span class='ocrx_word' id='word_1_308' title='bbox 845 3762 888 3820; x_wconf 89' lang='lat' dir='ltr'>qni</span> <span class='ocrx_word' id='word_1_309' title='bbox 908 3762 955 3810; x_wconf 85' lang='lat' dir='ltr'>hue</span> <span class='ocrx_word' id='word_1_310' title='bbox 969 3769 1082 3822; x_wconf 83' lang='lat' dir='ltr'>spectant</span> <span class='ocrx_word' id='word_1_311' title='bbox 1097 3765 1159 3812; x_wconf 83' lang='lat' dir='ltr'>iocis</span> <span class='ocrx_word' id='word_1_312' title='bbox 1173 3767 1297 3815; x_wconf 84' lang='lat' dir='ltr'>orationis</span> <span class='ocrx_word' id='word_1_313' title='bbox 1310 3770 1376 3829; x_wconf 81' lang='lat' dir='ltr'>irae,</span> <span class='ocrx_word' id='word_1_314' title='bbox 1394 3782 1448 3833; x_wconf 73' lang='lat' dir='ltr'>qna·</span> <span class='ocrx_word' id='word_1_315' title='bbox 1477 3776 1478 3780; x_wconf 76' lang='grc'>’</span> 
     </span>
     <span class='ocr_line' id='line_1_38' title="bbox 425 3847 1449 3921; baseline 0.014 -29"><span class='ocrx_word' id='word_1_316' title='bbox 425 3847 531 3894; x_wconf 84' lang='lat' dir='ltr'>ultimae</span> <span class='ocrx_word' id='word_1_317' title='bbox 549 3847 639 3894; x_wconf 86' lang='lat' dir='ltr'>virtuti</span> <span class='ocrx_word' id='word_1_318' title='bbox 659 3849 775 3907; x_wconf 83' lang='lat' dir='ltr'>opposita</span> <span class='ocrx_word' id='word_1_319' title='bbox 794 3855 840 3910; x_wconf 87' lang='lat' dir='ltr'>est,</span> <span class='ocrx_word' id='word_1_320' title='bbox 867 3848 965 3898; x_wconf 85' lang='lat' dir='ltr'>damam</span> <span class='ocrx_word' id='word_1_321' title='bbox 982 3856 1042 3911; x_wconf 78' lang='lat' dir='ltr'>posi</span> <span class='ocrx_word' id='word_1_322' title='bbox 1057 3865 1169 3913; x_wconf 82' lang='lat' dir='ltr'>pravam</span> <span class='ocrx_word' id='word_1_323' title='bbox 1186 3856 1273 3903; x_wconf 80' lang='lat' dir='ltr'>animi</span> <span class='ocrx_word' id='word_1_324' title='bbox 1290 3858 1449 3921; x_wconf 65' lang='lat' dir='ltr'>effaetum</span> 
     </span>
     <span class='ocr_line' id='line_1_39' title="bbox 423 3934 1448 4005; baseline 0.018 -26"><span class='ocrx_word' id='word_1_325' title='bbox 423 3935 518 3980; x_wconf 87' lang='lat' dir='ltr'>mentio</span> <span class='ocrx_word' id='word_1_326' title='bbox 543 3934 599 3983; x_wconf 84' lang='lat' dir='ltr'>fleri</span> <span class='ocrx_word' id='word_1_327' title='bbox 628 3935 713 3994; x_wconf 85' lang='lat' dir='ltr'>soleat,</span> <span class='ocrx_word' id='word_1_328' title='bbox 743 3949 793 3983; x_wconf 89' lang='lat' dir='ltr'>non</span> <span class='ocrx_word' id='word_1_329' title='bbox 819 3938 900 4000; x_wconf 83' lang='lat' dir='ltr'>video,</span> <span class='ocrx_word' id='word_1_330' title='bbox 928 3953 977 4000; x_wconf 88' lang='lat' dir='ltr'>qno</span> <span class='ocrx_word' id='word_1_331' title='bbox 1001 3941 1055 3991; x_wconf 87' lang='lat' dir='ltr'>inre</span> <span class='ocrx_word' id='word_1_332' title='bbox 1080 3942 1121 3989; x_wconf 88' lang='lat' dir='ltr'>hic</span> <span class='ocrx_word' id='word_1_333' title='bbox 1146 3943 1186 3990; x_wconf 87' lang='lat' dir='ltr'>iiii</span> <span class='ocrx_word' id='word_1_334' title='bbox 1210 3947 1448 4005; x_wconf 67' lang='lat' dir='ltr'>perturbationum</span> 
     </span>
     <span class='ocr_line' id='line_1_40' title="bbox 425 4024 1448 4105; baseline 0.011 -34"><span class='ocrx_word' id='word_1_335' title='bbox 425 4027 607 4084; x_wconf 78' lang='lat' dir='ltr'>anteponatur.</span> <span class='ocrx_word' id='word_1_336' title='bbox 626 4024 713 4084; x_wconf 87' lang='lat' dir='ltr'>Itaque</span> <span class='ocrx_word' id='word_1_337' title='bbox 732 4026 808 4073; x_wconf 81' lang='lat' dir='ltr'>verba</span> <span class='ocrx_word' id='word_1_338' title='bbox 827 4028 877 4073; x_wconf 86' lang='lat' dir='ltr'>iam</span> <span class='ocrx_word' id='word_1_339' title='bbox 897 4028 955 4076; x_wconf 88' lang='lat' dir='ltr'>inde</span> <span class='ocrx_word' id='word_1_340' title='bbox 973 4025 1096 4089; x_wconf 65' lang='lat' dir='ltr'>acesto</span> <span class='ocrx_word' id='word_1_341' title='bbox 1114 4043 1154 4086; x_wconf 78' lang='grc' dir='ltr'>τις</span> <span class='ocrx_word' id='word_1_342' title='bbox 1165 4044 1243 4091; x_wconf 89' lang='lat' dir='ltr'>nsque</span> <span class='ocrx_word' id='word_1_343' title='bbox 1256 4033 1287 4080; x_wconf 85' lang='lat' dir='ltr'>ad</span> <span class='ocrx_word' id='word_1_344' title='bbox 1300 4032 1448 4105; x_wconf 56' lang='grc' dir='ltr'>βοηθῆσαι</span> 
     </span>
    </p>
   </div>
   <div class='ocr_carea' id='block_1_14' title="bbox 424 4111 1448 4264">
    <p class='ocr_par' dir='ltr' id='par_1_15' title="bbox 424 4111 1448 4264">
     <span class='ocr_line' id='line_1_41' title="bbox 424 4111 1448 4179; baseline 0.018 -23"><span class='ocrx_word' id='word_1_345' title='bbox 424 4123 439 4156; x_wconf 88' lang='lat' dir='ltr'>a</span> <span class='ocrx_word' id='word_1_346' title='bbox 456 4111 568 4159; x_wconf 86' lang='lat' dir='ltr'>librariis</span> <span class='ocrx_word' id='word_1_347' title='bbox 587 4113 651 4160; x_wconf 86' lang='lat' dir='ltr'>male</span> <span class='ocrx_word' id='word_1_348' title='bbox 669 4113 821 4175; x_wconf 85' lang='lat' dir='ltr'>interposita</span> <span class='ocrx_word' id='word_1_349' title='bbox 838 4128 900 4175; x_wconf 73' lang='lat' dir='ltr'>esse,</span> <span class='ocrx_word' id='word_1_350' title='bbox 920 4117 966 4163; x_wconf 90' lang='lat' dir='ltr'>iiio</span> <span class='ocrx_word' id='word_1_351' title='bbox 985 4125 1068 4164; x_wconf 86' lang='lat' dir='ltr'>autem</span> <span class='ocrx_word' id='word_1_352' title='bbox 1080 4120 1135 4167; x_wconf 91' lang='lat' dir='ltr'>loco</span> <span class='ocrx_word' id='word_1_353' title='bbox 1149 4132 1223 4179; x_wconf 85' lang='lat' dir='ltr'>qnam</span> <span class='ocrx_word' id='word_1_354' title='bbox 1238 4119 1448 4177; x_wconf 75' lang='lat' dir='ltr'>Frendentiaaiiuo</span> 
     </span>
     <span class='ocr_line' id='line_1_42' title="bbox 426 4199 949 4264; baseline 0.013 -18"><span class='ocrx_word' id='word_1_355' title='bbox 426 4199 544 4260; x_wconf 88' lang='lat' dir='ltr'>ostendit,</span> <span class='ocrx_word' id='word_1_356' title='bbox 564 4201 662 4261; x_wconf 82' lang='lat' dir='ltr'>aliquid</span> <span class='ocrx_word' id='word_1_357' title='bbox 681 4202 808 4250; x_wconf 80' lang='lat' dir='ltr'>excidisse</span> <span class='ocrx_word' id='word_1_358' title='bbox 827 4204 949 4264; x_wconf 86' lang='lat' dir='ltr'>suspicor.</span> 
     </span>
    </p>
   </div>
   <div class='ocr_carea' id='block_1_15' title="bbox 1474 3830 1481 4779">
    <p class='ocr_par' dir='ltr' id='par_1_16' title="bbox 1474 3830 1481 4779">
     <span class='ocr_line' id='line_1_43' title="bbox 1474 3830 1481 4779; baseline 0 0"><span class='ocrx_word' id='word_1_359' title='bbox 1474 3830 1481 4779; x_wconf 95' lang='lat' dir='ltr'> </span> 
     </span>
    </p>
   </div>
   <div class='ocr_carea' id='block_1_16' title="bbox 0 0 1494 4972">
    <p class='ocr_par' dir='ltr' id='par_1_17' title="bbox 0 0 1494 4972">
     <span class='ocr_line' id='line_1_44' title="bbox 0 0 1494 4972; baseline 0 0"><span class='ocrx_word' id='word_1_360' title='bbox 0 0 1494 4972; x_wconf 95' lang='lat' dir='ltr'> </span> 
     </span>
    </p>
   </div>
  </div>
 </body>
</html>
