2956 4972
525 327 727 424 A.-

48 525 221 614 imagines
260 537 292 593 et
324 528 462 614 Vergilii
497 538 529 592 et
567 526 729 593 Ciceronis
765 530 875 614 capita
909 529 1063 615 impressa
1104 541 1187 595 sunt.
1242 541 1254 567 ‘

47 626 180 694 Restat
212 641 249 695 ut
278 631 319 695 de
348 640 489 717 tempore
522 653 584 716 quo
617 631 790 716 Lipsiensis
818 641 972 696 exaratus
996 634 1047 713 sit,
1082 655 1188 718 pauca

48 732 251 798 afferamus.

148 833 384 900 Tischendorfii
413 835 542 921 quidem
573 835 690 899 iudicio
721 836 862 900 codicem
892 835 933 899 ad
956 836 1115 900 decimum
1137 837 1190 902 vel

47 934 274 1002 undecimum
289 935 454 1002 saeculum
473 937 674 1001 referendum
697 958 764 1001 esse
781 936 1045 1001 Westermannus
1068 938 1187 1008 docuit.

50 1034 162 1102 Nunc
194 1061 292 1125 vero,
317 1041 467 1125 quoniam
491 1038 769 1104 Gardthausenius
799 1040 985 1125 praeclaras
1015 1039 1086 1104 illas
1120 1039 1190 1104 lite·

50 1156 179 1204 rarum
211 1140 341 1204 tabulas
371 1143 559 1228 composuit,
593 1163 672 1226 quas
695 1163 820 1204 summa
849 1165 921 1206 cum
949 1141 1117 1227 diligentia
1145 1165 1187 1206 ex

53 1241 160 1308 codd.
181 1242 405 1328 ,subscriptis“
429 1244 601 1328 excerpsit,
618 1241 688 1307 fieri
704 1250 826 1327 potest,
837 1252 873 1306 ut
889 1242 986 1306 etiarn
1003 1244 1187 1308 accuratius

54 1336 169 1408 libelli
191 1354 329 1409 aetatem
352 1345 594 1410 constituamus.
639 1342 810 1427 Intelleget
841 1352 947 1408 autem
970 1345 1189 1431 unusquisque

56 1445 347 1533 palaeographiae
368 1468 505 1533 graecae
523 1448 644 1532 peritus
664 1468 706 1509 ex
727 1445 895 1509 literarum
913 1468 992 1532 quos
1011 1447 1189 1512 deformavi

59 1542 182 1630 ductu,
204 1571 306 1634 genus
325 1548 485 1614 scribendi
499 1547 560 1612 hoc
579 1570 657 1630 esse,
678 1547 763 1634 quod
782 1548 1011 1613 Gardthausen
1031 1549 1190 1627 ,Mittlere

60 1643 251 1714 Minuskel“
279 1648 457 1735 appellavit
477 1650 532 1732 (ca
551 1650 755 1732 eoo-1000)
779 1660 809 1713 et
826 1652 973 1735 proxime
992 1652 1186 1736 scripturam

62 1743 245 1836 Lipsiensis
278 1753 431 1818 accedere
462 1753 504 1817 ad
526 1752 650 1817 codices
679 1774 762 1817 anno
798 1753 859 1818 973
891 1762 923 1816 et
945 1754 1008 1818 990
1040 1762 1190 1818 exaratos

64 1848 225 1928 (Gardth.
242 1855 309 1920 tab.
332 1856 401 1936 Vl).
435 1853 530 1932 Quae
548 1855 705 1919 sententia
724 1855 821 1917 etiam
839 1853 904 1917 alia
927 1853 1151 1920 observatione
1159 1852 1190 1932 ²⁸)

10 2024 12 2040 Ι
65 1955 288 2022 confirmatur.
332 1956 467 2041 Scripsit
489 1956 571 2019 enim
593 1977 707 2019 manus
734 1955 771 2036 B,
799 1978 872 2019 cum
894 1956 992 2041 vulgo
1014 1956 1128 2020 literae
1151 1957 1191 2020 de

10 2052 13 2088 ³
66 2047 158 2124 linea
178 2059 391 2146 dependeant,
411 2059 572 2123 interdum
596 2059 691 2122 etiam
707 2060 740 2121 in
763 2057 858 2140 linea,
880 2060 972 2122 cuius
994 2069 1191 2144 postremum

73 2160 255 2247 exemplum
277 2161 309 2223 ni
331 2159 427 2224 fallor
448 2161 686 2224 Laurentianus
709 2160 840 2246 quidam
864 2160 1000 2245 praebet
1021 2183 1104 2226 anno
1129 2162 1191 2226 973

77 2263 278 2349 compositus.
308 2263 422 2327 Eidem
440 2263 538 2347 igitur
561 2263 660 2326 aetati
680 2262 765 2327 hunc
781 2262 921 2326 codicem
939 2262 1082 2327 tribuere
1103 2262 1188 2330 licet.

77 2353 161 2430 Inter
170 2364 269 2430 libros
282 2373 391 2429 autem
403 2386 474 2431 mss.
490 2367 546 2450 qui
557 2364 791 2450 subscriptione
810 2374 935 2446 carent,
952 2364 1130 2429 simillimus
1138 2364 1189 2449 **)

81 2477 182 2532 exstat
203 2467 263 2536 cod
281 2468 349 2531 Pal.
368 2468 408 2532 23
427 2467 519 2531 cuius
535 2468 694 2551 specimen
713 2465 878 2532 Wattenb.
897 2467 962 2531 tab.
985 2467 1024 2532 3ss
1041 2466 1192 2532 reddidit.

82 2619 293 2636 ’ΜΨ-Ἀ..

10 2562 19 2624 l

10 2680 22 2722 u

162 2745 186 2810 *)
204 2749 243 2800 Gi.
269 2754 346 2800 etiam
364 2753 464 2812 signum
482 2715 773 2844 ηυηιο11ιῖῖῳιοᾶ1ιι
791 2751 810 2800 (i
827 2753 997 2813 compluribus
1012 2753 1074 2800 locis
1093 2750 1194 2798 additur

79 2862 102 2906 st
120 2857 225 2908 Gardth.
244 2873 267 2920 p.
289 2859 348 2907 265.

144 2938 185 3005 Ἰ*1)
204 2946 244 2995 Ex
262 2946 446 2995 westarmanni
464 2943 691 3006 argumentatione,
711 2944 754 3004 qui
773 2942 851 2992 dicit:
871 2945 1027 3006 „scripturae
1041 2957 1120 3005 genus
1132 2957 1192 3005 pro·

72 3037 141 3085 xlma
168 3037 240 3083 abest
262 3038 293 3084 ab
319 3050 349 3086 eo
375 3048 423 3098 quo
450 3048 512 3083 usna
541 3041 585 3095 est,
616 3035 661 3096 qni
680 3034 781 3095 scripsit
800 3033 856 3083 rod.
873 3034 945 3082 Dem.
965 3032 1040 3082 Marc.
1060 3032 1089 3091 F,
1119 3034 1191 3080 cuins

10 3148 13 3197 ;
69 3126 216 3186 exemplum
234 3124 339 3172 exhibet
358 3124 505 3173 Voemalius
524 3125 555 3172 ad
574 3123 668 3171 calcem
688 3122 727 3171 ed.
747 3128 812 3172 cont.
827 3124 897 3171 Dem.
910 3136 948 3170 ur.
960 3123 1006 3169 L“
1026 3122 1092 3170 nihil
1112 3122 1192 3170 lucra-

68 3229 137 3273 mur,
156 3226 213 3262 nam
232 3225 263 3260 eu
284 3217 375 3275 exiguo
394 3213 441 3260 llio
455 3212 582 3261 Voemelli
599 3213 739 3274 specimina
752 3211 818 3259 nihil
831 3211 900 3259 allud
911 3212 995 3271 colligi
1009 3216 1099 3272 potest,
1119 3223 1192 3272 quam

67 3305 185 3358 codicem
204 3304 270 3352 huuc
288 3317 343 3352 essa
360 3303 443 3352 literis
463 3303 614 3353 minusculis
633 3307 771 3353 exaratum.
