2956 4972
716 273 757 344 33

183 482 333 564 opinione,
355 483 409 569 qui
432 481 519 546 XlIl
541 482 648 568 capita
671 481 852 546 laudationi
873 479 1144 548 Maccahaeorum
1166 481 1291 564 tribuit,

188 578 216 648 lu
234 583 294 650 hac
315 584 460 649 oratione
474 584 595 648 factrim
615 583 686 648 est?
717 584 818 649 Immo
834 584 921 670 quod
936 583 1029 649 homo
1048 584 1161 650 doctus
1178 606 1294 670 parum

193 682 318 752 dilucide
343 686 507 769 „Excurs“
535 685 725 771 appellavit,
746 686 779 749 id
801 708 901 751 unum
923 688 1053 772 proprie
1073 687 1219 752 laudatio
1242 710 1296 753 vo·

194 796 279 855 catur.
316 788 429 874 Neque
451 787 555 868 video,
577 810 640 872 quo
662 788 755 851 modo
780 787 961 871 discrimen,
982 789 1068 875 quod
1089 789 1172 853 inter
1191 812 1296 854 exem·
1327 841 1329 846 .

195 887 239 972 pla
257 900 288 956 et
309 891 493 956 testimonia
516 888 568 953 ille
590 890 696 954 facere
717 898 852 954 conatus
873 898 931 971 est,
953 890 1051 955 liceat
1071 913 1213 956 servare.
1257 892 1297 957 Id

195 992 308 1076 quidem
331 991 418 1078 quod
433 1014 464 1076 p.
483 991 557 1070 274,
582 994 593 1052 l
612 993 683 1055 -6
707 989 888 1076 exemplum
903 992 1090 1077 appellavit,
1111 994 1215 1058 nescio
1232 1015 1298 1081 qua

194 1091 364 1158 differentia
394 1091 437 1157 ab
466 1091 732 1158 antecedentibus
762 1093 947 1158 testimoniis
980 1104 1157 1181 separetur.
1201 1096 1298 1160 Prae·

192 1200 269 1258 terea
281 1195 338 1258 illa
350 1193 570 1279 exemplorum
581 1206 613 1258 et
623 1195 874 1260 testimoniorum
884 1196 1024 1261 inversio
1042 1198 1086 1280 (3,
1094 1199 1123 1262 4.
1136 1200 1167 1280 4,
1176 1199 1210 1282 3)
1224 1222 1298 1264 cum

190 1296 270 1362 nulla
286 1321 322 1363 re
343 1308 526 1376 excusetur,
560 1318 616 1381 per
639 1318 673 1360 se
694 1297 758 1359 iam
781 1298 993 1382 suspicionem
1020 1309 1136 1368 movet.
1180 1301 1296 1366 Videa-

191 1417 253 1463 mus
271 1401 381 1486 igitur,
412 1422 485 1464 cum
507 1400 751 1464 Frendenthalii
773 1401 879 1486 opinio
901 1400 1086 1486 displiceat,
1119 1425 1182 1488 quc
1205 1404 1299 1470 modo

191 1519 241 1566 nos
259 1503 402 1589 singulas
419 1511 530 1588 partes
554 1501 795 1566 distribuendas
810 1525 879 1566 esse
897 1524 1092 1568 censeamus.
1124 1503 1299 1588 Dispositio

192 1597 263 1669 haec
283 1616 345 1669 est:

239 1706 263 1773 I.
283 1706 472 1771 Exordium.
611 1788 613 1792 ,

222 1806 253 1872 II
283 1807 483 1896 Hypothesis

307 1911 341 1995 1)
365 1907 506 1973 definitio
528 1930 558 1992 p.
577 1905 650 1986 271,
673 1905 766 1968 18-
780 1904 854 1986 272,
877 1907 938 1987 16,,

308 2013 344 2093 2)
366 2010 515 2097 probatio
537 2032 569 2094 p.
587 2008 660 2088 272,
680 2008 718 2071 17
733 2044 771 2053 -
784 2008 858 2092 275,
878 2009 929 2076 29.

211 2113 264 2183 lll.
288 2114 437 2178 Historia
459 2134 530 2198 cap.
547 2110 596 2174 lv
610 2147 650 2156 -
662 2109 745 2175 XVI

309 2219 341 2298 l)
363 2215 559 2282 introductio
581 2237 612 2299 p.
631 2213 705 2294 275,
722 2213 765 2278 30
778 2247 815 2260 -
829 2212 902 2295 278,
920 2214 951 2294 6,

307 2319 341 2400 2)
361 2317 508 2384 narratio

335 2441 364 2486 a.
386 2416 546 2504 supplicia
564 2415 715 2480 Eleazari
736 2424 920 2481 tractantur
979 2409 982 2416 ’

355 2543 408 2606 Λα.
429 2519 575 2583 narratio
596 2541 627 2603 p.
646 2518 720 2600 278,
740 2519 813 2582 7-
826 2517 899 2599 282,
921 2515 972 2597 12,

373 2625 406 2703 β.
430 2617 657 2704 recapitulatio
679 2643 710 2704 p.
724 2619 797 2700 282,
814 2618 854 2684 13
867 2654 907 2664 -
920 2617 972 2699 20,

379 2743 408 2806 y.
431 2720 576 2785 laudatio
594 2720 711 2805 past,
729 2720 767 2783 21
784 2753 825 2765 -
837 2719 910 2803 283,
921 2721 971 2785 27.

333 2825 364 2890 b.
386 2824 546 2910 supplicia
565 2831 687 2908 septem
707 2822 846 2886 fratrum

375 2951 407 2992 a.
429 2927 575 2992 narratio
596 2950 628 3012 p.
642 2926 716 3008 284,
734 2927 752 2990 7
767 2960 806 2974 -
818 2922 891 3006 292,
909 2923 960 3005 16,

376 3034 408 3112 β.
434 3026 660 3114 recapitulatio
680 3050 711 3112 p.
725 3027 799 3109 292,
818 3029 857 3091 16
870 3025 974 3107 -22,

380 3155 408 3218 y.
431 3133 578 3198 laudatio
598 3156 630 3218 p.
645 3132 718 3214 292,
736 3133 827 3194 22-
845 3128 918 3210 295,
932 3127 962 3194 3.

336 3258 363 3303 c.
390 3234 515 3300 dolores
537 3235 650 3298 matris

378 3358 409 3400 α.
426 3336 577 3400 ¹narratio
596 3359 626 3421 p.
639 3334 713 3418 295,
731 3334 805 3397 4-
818 3338 892 3425 298,
909 3340 937 3419 9,

379 3442 411 3520 β.
434 3436 661 3524 recapitulatio
683 3461 715 3523 p.
732 3439 805 3521 298,
823 3440 960 3522 9-11,
1019 3429 1153 3499 ἔνδοθεν
1174 3424 1271 3494 πόνοι

285 3574 287 3578 >
377 3561 406 3624 y.
431 3539 577 3604 laudatio
600 3563 630 3625 p.
645 3540 719 3622 298,
739 3540 776 3604 11
790 3540 908 3621 -299,
927 3540 976 3607 13.

198 3643 269 3711 IV.
294 3641 472 3708 Conclusio.

277 3743 384 3830 Atque
405 3744 514 3808 adhuc
535 3742 701 3826 dispositio
726 3741 806 3806 satis
827 3740 918 3804 clara
940 3745 996 3805 est.
1032 3737 1083 3802 Ea
1100 3744 1207 3801 autem
1227 3732 1309 3799 diffi-

174 3847 306 3928 cultas,
337 3866 435 3931 quam
456 3846 560 3910 inesse
581 3866 682 3930 supra
703 3843 947 3924 affirmavimus,
969 3841 1064 3905 tertio
1088 3840 1194 3926 capite
1220 3859 1308 3923 repe·

173 3955 286 4020 ritur.
340 3947 518 4028 Quaeritur
541 3949 635 4029 onim,
657 3968 731 4012 cum
751 3944 877 4032 reliqua
897 3945 1052 4010 orationis
1074 3940 1217 4008 membra
1238 3962 1310 4006 con·

174 4057 286 4122 cinne
303 4049 476 4118 distributa
498 4051 579 4132 sint,
612 4051 654 4114 sit
683 4049 781 4114 etiam
807 4048 955 4135 probatio
984 4069 1069 4135 quae
1095 4055 1250 4126 vocatur,
1277 4045 1309 4107 in

179 4151 342 4240 singulas
362 4152 584 4239 partiunculas
616 4151 658 4217 ab
683 4162 812 4219 auctore
834 4161 997 4239 separata,
1025 4172 1132 4216 necne.
1172 4149 1215 4212 Et
1235 4167 1310 4233 quo·

1094 4261 1112 4318 3

1056 1789 1077 1830 θ

1020 2766 1145 2850 ἔξωθεν
1165 2761 1263 2833 πόνοι
