2956 4972
852 283 894 348 48

798 489 868 564 cap.
891 491 940 552 IV.

309 631 339 688 p.
363 616 401 672 27
405 616 433 687 6,
448 615 465 671 2
484 597 656 687 νικάντορα
671 599 727 665 καὶ
741 625 834 687 χρημ.
857 613 875 668 6
890 596 946 667 τόν
960 626 1042 667 ποτε
1063 615 1083 671 8
1099 597 1267 687 διαβαλῶν
1293 617 1333 674 10
1346 596 1434 692 ἥκων

372 699 463 790 πρός,
482 713 563 772 deest
579 727 616 767 τε
641 714 679 771 15
697 698 821 766 τούτων
839 700 901 785 (δὲ)
928 715 964 771 21
985 713 1068 773 deest
1084 695 1183 793 άνέβη
1199 705 1256 796 καί
1280 720 1322 777 22
1340 705 1433 774 ἰδιω-

371 802 448 871 τικὰ
469 802 618 892 χρήματα
641 817 680 873 26
702 799 786 887 μετὰ
810 815 849 871 28
868 815 898 872 in
912 831 1003 887 marg.
1026 811 1173 890 γεραιῶν,
1196 803 1434 875 ἱκετευσάντων

373 902 429 973 τὸν
449 902 530 972 θεὸν
551 905 586 971 ἐν
607 909 655 992 τῷ
677 902 753 991 ίερηῖ
775 914 814 975 30
837 906 882 973 δὲ.

310 1039 338 1095 p.
361 1023 433 1094 277,
454 1023 472 1076 2
502 1008 639 1086 ενιέντες
668 1010 779 1095 (ἧκαν)
810 1006 1005 1076 καταπεσῶν
1034 1013 1071 1096 γε’
1098 1036 1152 1078 τοι
1188 1014 1307 1102 6περί
1330 1006 1434 1082 αὐτοῦ

372 1106 629 1232 προσευξάμενοι
658 1123 676 1178 6
697 1126 763 1194 post
784 1106 923 1195 στρατὸν
944 1122 1063 1180 inserit:
1094 1109 1183 1199 ἔλεγε
1202 1111 1264 1202 γάρ
1286 1110 1432 1206 ἡμαρτη-

374 1209 439 1290 κῶς
460 1205 545 1277 ῶστε
565 1211 622 1276 καί
644 1201 830 1278 άποθανεῖν
851 1204 979 1291 άξιον
964 1210 1122 1302 υπάρχειν
1139 1214 1226 1284 πᾶσί
1239 1243 1276 1286 τε
1297 1210 1432 1309 άνθρῶ

373 1340 452 1394 ποις
480 1310 630 1403 ὑμνήσειν
657 1314 780 1393 σωθείς
807 1312 865 1404 τὴν
891 1340 949 1382 του
972 1316 1060 1406 ιεροῦ
1079 1315 1184 1387 τόπου
1204 1320 1434 1412 μακαριότητα
1470 1401 1472 1407 ,

373 1409 502 1506 (άρετίν
485 1426 523 1498 ν.)
545 1429 575 1486 in
596 1444 687 1500 marg.
711 1442 764 1504 γρ;
786 1413 946 1505 ὡμολόγει
968 1412 1066 1506 γάρ(
1052 1445 1070 1486 ο
1089 1411 1203 1487 'Am‘
1190 1419 1307 1492 εαυτδν
1327 1421 1433 1515 ἦμαρ·
1472 1426 1474 1435 ’

372 1520 520 1642 τηκέναι
522 1512 606 1584 ῶστε
621 1517 678 1584 καί
694 1509 752 1584 άπ.
775 1513 875 1599 άξ.’
846 1544 930 1587 ειναι
952 1519 1039 1587 πᾶσί
1059 1546 1095 1588 τε
1115 1513 1250 1611 dvdp‘
1234 1552 1305 1610 υμν.
1321 1543 1380 1598 etc
1394 1571 1432 1580 -

373 1618 478 1689 τόπου
501 1612 616 1709 άρετην
637 1617 724 1707 ελεγε
747 1616 947 1705 7ὓπαχθεις
977 1637 994 1692 9
1018 1621 1140 1715 καὶμὴ
1162 1617 1231 1714 (οὗ)
1262 1641 1301 1699 13
1324 1623 1343 1697 ὃ
1365 1628 1435 1711 υιός

375 1716 478 1792 αὐτοῦ
507 1716 575 1791 ἆντ.
605 1717 738 1811 ὁὲπιφ.
778 1738 815 1792 14
838 1715 916 1814 ἀνὴρ
939 1719 1077 1815 ὑπερηφ.
1100 1752 1129 1792 κ.
1152 1725 1256 1808 δεινός
1293 1743 1332 1800 16
1353 1742 1435 1802 deest

374 1824 491 1896 δώσειν
529 1841 566 1897 17
597 1822 762 1913 τρισχίλια
791 1823 947 1906 ἑξακόσια
977 1825 1133 1918 ἑξήκοντα
1160 1829 1196 1912 ἕξ
1217 1827 1374 1915 τάλαντα,
1406 1846 1435 1903 in
1468 1898 1471 1911 ,

374 1958 465 2015 marg
489 1921 641 2017 ἀργυρίου
676 1940 714 1997 29
740 1924 773 1994 εί
791 1953 875 2007 τινες
897 1942 936 1999 30
959 1940 1041 2000 deest
1061 1931 1289 2016 κολασθέντες,
1311 1946 1435 2019 praebet
1468 1926 1471 1979 Ϊ

373 2028 509 2098 θάνοιεν
538 2031 594 2097 καί
621 2029 694 2096 ἐπεὶ
725 2025 810 2095 κατὰ
846 2042 883 2099 31
915 2026 1045 2112 ἰ’σχυσεν
1075 2034 1259 2100 καταλῦσαι
1288 2031 1349 2124 τὴν
1369 2040 1434 2102 τῶν

375 2132 546 2223 δογμάτων
574 2139 634 2202 τοῦ
662 2131 781 2211 ἔθνους
808 2123 969 2216 εὗνομίαν,
1003 2145 1033 2204 in
1060 2161 1150 2218 marg
1174 2132 1230 2202 διὰ
1250 2142 1317 2205 τῶν
1340 2141 1433 2226 δογμ.

374 2264 432 2305 ττν
453 2229 605 2323 ευνομίον
626 2260 684 2303 του
705 2232 824 2313 ἔθνους
845 2246 884 2304 32
905 2230 976 2314 τὰς
988 2261 1104 2304 εαυτου
1127 2227 1275 2319 άπειλάς.

309 2369 338 2426 p
362 2352 636 2426 278,1inmarg.
664 2353 731 2421 post
757 2336 1002 2420 καταλυομένας
1027 2354 1197 2409 annotatum
1219 2356 1280 2411 est:
1314 2340 1435 2432 ἕπετή-
1465 2414 1471 2479 ἰ

375 2447 468 2512 δευσε
490 2439 595 2528 δόγμα
617 2465 650 2505 τι
672 2431 756 2505 ῶστε
777 2439 834 2504 καί
850 2435 910 2518 τὰς
928 2445 1083 2525 γυναῖκας
1098 2436 1159 2520 τὰς
1177 2441 1470 2530 περιτεμνοάσαςλ

373 2570 416 2609 τοι
404 2540 532 2629 βρέφη
545 2544 871 2626 κατακρημνισθῆναι
883 2565 944 2623 μετ
943 2533 1062 2609 ἀὐτῶν
1073 2536 1326 2630 προειδυίαςότι
1336 2552 1434 2613 τοῦτο

373 2643 547 2712 πείσονται
577 2655 596 2710 2
618 2641 810 2729 περιέτεμον
830 2638 872 2708 τὰ
894 2640 1015 2710 παιδίον
1045 2656 1063 2714 3
1086 2642 1159 2710 ἐπεὶ
1178 2683 1218 2694 -
1237 2646 1321 2712 λαοῦ
1343 2657 1432 2733 deest,

375 2763 395 2816 4
417 2736 516 2823 αὐτὸς
537 2743 573 2810 δὲ
606 2755 623 2812 5
646 2735 822 2830 τ’νάγκαζεν
843 2742 901 2811 ἕνα
921 2743 1059 2812 ἕκαστον
1080 2750 1140 2812 τοῦ
1161 2743 1281 2827 ἔθνους
1317 2759 1337 2818 0
1359 2773 1432 2837 τρο-

376 2854 449 2940 φῶν
472 2843 685 2934 (ἐδεσμάτων)

808 3029 878 3103 Cap
901 3029 936 3088 V

382 3157 420 3214 10
439 3139 635 3229 παρεκέλευε
658 3153 694 3210 13
714 3131 876 3230 αναιρεθν
877 3167 929 3207 ναι
949 3143 1092 3256 ηεῖσθαι)
1109 3141 1241 3208 πολλῶν
1258 3140 1296 3208 δὲ
1316 3138 1426 3265 συναρ

375 3232 621 3310 πασθέντων
588 3266 636 3321 εις
651 3246 783 3361 πρῶτος
804 3242 842 3309 ἑκ
862 3266 920 3321 τις
942 3229 1062 3327 άγέλης
1083 3237 1216 3362 ἑδραῖος
1237 3231 1427 3326 δνόματι,11

374 3373 464 3430 marg.
496 3347 627 3413 πολλῶν
654 3333 711 3410 οὖν
741 3365 808 3410 συν.
839 3369 877 3411 εκ
904 3368 963 3409 του
994 3335 1136 3424 όχλου’
1116 3338 1196 3431 οινήρ
1223 3368 1276 3423 τις
1298 3335 1432 3430 ὀνόματι

374 3445 556 3536 ἕλεάζαρ
540 3473 578 3514 εκ
606 3446 717 3534 γένους
746 3435 981 3535 ἀρχιερωσύνης
1010 3440 1143 3529 νομικὸς
1171 3469 1230 3534 την
1252 3443 1432 3536 ἐπιστήμην

376 3545 648 3641 προβεβηκώς
612 3574 669 3639 την
691 3544 821 3639 ηλικίαν
842 3574 897 3616 και
889 3549 1058 3626 πολλοῖς
1073 3552 1138 3614 τῶν
1154 3546 1232 3635 περὶ
1245 3542 1302 3616 τὸν
1318 3546 1435 3637 τάραν
1477 3607 1478 3626 ,

374 3680 428 3721 νον
457 3650 513 3721 διὰ
542 3677 600 3718 τιν
625 3592 827 3742 φιλοσοφίαν
848 3647 1008 3741 γνώριμος
1027 3644 1210 3770 προσήχθη
1223 3674 1262 3738 τη
1294 3640 1437 3732 άντιόχω

375 3751 393 3825 ὁ
417 3757 454 3825 δε
479 3753 558 3824 ίδῶν
580 3747 678 3823 αυτὸν
700 3753 763 3845 ἔφη
787 3768 826 3825 20
847 3759 951 3818 ταῦτα
973 3776 1064 3830 οπως
1087 3764 1124 3820 21
1149 3755 1210 3818 σοῦ
1229 3747 1289 3840 τὴν
1304 3745 1442 3818 νλικίᾱν

376 3874 415 3931 22
438 3859 520 3943 ε’χων
541 3855 655 3949 χρόνον
688 3872 728 3928 24
760 3853 986 3946 σαρκοφαγίαν
1006 3858 1075 3943 (συ)
1109 3868 1148 3926 25
1171 3865 1254 3927 deest
1275 3858 1375 3939 δοκεῖ,
1425 3857 1450 3913 'm

373 3977 503 4048 margine
521 3989 607 4030 ειναι
624 3964 715 4029 δοκεῖ
738 3973 774 4031 31
799 3955 855 4026 τὸν
876 3953 1031 4046 λογισμὸν
1053 3970 1091 4028 32
1114 3951 1207 4037 άξιον
1224 3982 1282 4037 τνς
1304 3946 1455 4065 ηλικίαέ

377 4058 549 4152 ἀναλαβών
579 4071 652 4132 νοῦν
679 4057 916 4154 φιλοσοφίσεις
944 4086 1002 4148 την
1027 4086 1084 4127 του
1111 4058 1334 4150 συμφέροντος
1354 4040 1460 4126 0²th

377 4177 516 4253 θετον,
507 4199 537 4238 m
559 4182 687 4255 margine
708 4163 766 4233 τίν
789 4189 841 4231 σοι
866 4159 1032 4251 σύμφορον
1054 4154 1221 4233 άλνᾞθειαν
