2956 4972
864 293 907 364 34

329 500 415 565 niam
438 498 681 564 Frondcnthalii
713 500 950 586 dispositionem
974 521 1088 586 parum
1111 498 1275 585 quadrare
1297 495 1447 573 vidimus,

329 627 415 670 nuno
437 605 621 668 accuratius
643 603 704 688 ipsi
725 603 759 665 in
781 603 863 668 hanc
886 625 953 667 rem
976 604 1177 688 inquiramus
1198 611 1340 687 oportet.

413 705 462 770 Ac
493 704 642 791 probatio
673 706 830 792 quomodo
852 706 1008 790 disposita
1037 707 1088 788 sit,
1112 728 1153 769 ex
1175 704 1332 789 prooemii
1355 701 1445 788 parti·

328 809 423 890 tione,
439 829 536 894 quam
554 829 653 893 supra
668 808 770 872 fusius
783 808 1067 889 consideravimus,
1096 809 1215 893 optime
1235 805 1440 891 intellegitur.

329 909 501 995 Separavit
534 910 616 973 enim
639 908 690 974 Ps.
711 907 866 994 Iosephus
899 909 959 973 hoc
990 910 1058 974 loco
1090 931 1190 995 aeque
1221 916 1320 994 atque
1355 917 1437 970 antea

328 1010 451 1075 factum
474 1021 532 1092 est,
555 1011 619 1073 tria
638 1009 917 1093 perturbationum
936 1032 1066 1094 genera,
1087 1019 1247 1095 quaeant
1271 1020 1434 1094 temperan-

329 1116 394 1178 tiae
417 1124 474 1177 aut
496 1113 636 1176 iustitiae
658 1121 715 1176 aut
735 1112 916 1177 fortitudini
938 1113 1163 1198 impedimento
1192 1113 1264 1178 sint.
1315 1112 1363 1176 Ac
1384 1111 1433 1196 pri·

332 1238 420 1280 mum
442 1216 571 1302 quidem
591 1216 656 1278 iam
675 1215 748 1279 inde
771 1237 791 1276 a
814 1238 909 1280 versu
927 1215 1036 1281 XVII.
1056 1237 1130 1300 pag.
1151 1215 1213 1277 212
1235 1210 1432 1298 {catamerica

331 1315 522 1399 6666661666
555 1316 595 1380 (16
618 1317 831 1401 temperantia
858 1315 959 1381 verba
980 1316 1075 1396 fecit,
1109 1316 1162 1380 cui
1194 1325 1226 1378 et
1255 1317 1390 1402 corporis
1406 1323 1429 1377 66

329 1420 428 1484 animi
457 1419 652 1505 cupiditates
673 1418 803 1482 obstare
828 1418 1000 1486 contendit.
1053 1417 1095 1481 Et
1126 1419 1269 1503 corporis
1301 1417 1427 1482 libidines

329 1522 468 1606 opprimi
489 1543 597 1605 posse,
630 1519 774 1585 ciborum
805 1519 1008 1605 quorundam
1030 1519 1176 1606 exemplo
1199 1519 1426 1596 demonstratur,

330 1623 458 1708 quibus,
473 1645 546 1686 cum
560 1621 630 1706 lege
644 1621 806 1685 interdicti
822 1631 937 1702 essent,
953 1620 1094 1685 homines
1108 1621 1225 1685 Iudaei
1240 1622 1425 1686 abstinerent.

415 1723 510 1803 Quod
542 1722 740 1807 probationis
769 1722 965 1803 membrum,
997 1724 1053 1809 qui
1075 1722 1179 1787 obiter
1200 1733 1327 1787 tantum
1346 1718 1425 1787 consi·

330 1826 505 1907 deraverit,
519 1826 624 1890 nescio
644 1847 685 1887 an
701 1824 916 1888 similitudinis
935 1827 1039 1911 specie
1058 1826 1209 1911 deceptus
1226 1827 1359 1890 eandem
1376 1841 1425 1888 666

331 1926 428 2010 paulo
456 1934 543 2011 post,
560 1928 591 1990 in
623 1927 717 2016 tertio
746 1926 853 2011 capite
875 1950 905 2013 p.
931 1927 1004 2008 213,
1026 1928 1083 2008 13,
1116 1926 1172 1991 ubi
1201 1928 1242 1992 de
1270 1927 1426 1994 voracitate

329 2028 450 2112 agitur,
472 2028 588 2092 iterum
605 2028 740 2091 tractari
758 2028 948 2112 suspicetur.
984 2028 1189 2115 Quamquam
1211 2029 1266 2094 illo
1289 2030 1372 2094 tertii
1389 2045 1426 2090 ea·

328 2129 404 2215 pitis
426 2129 494 2194 loco
515 2153 578 2194 non
597 2130 637 2194 de
659 2130 803 2195 ciborum
826 2131 1015 2216 cupiditate,
1038 2132 1093 2196 sed
1116 2131 1156 2195 de
1171 2152 1283 2216 prava
1304 2128 1425 2218 corporis

331 2233 498 2297 affectione
521 2234 712 2317 (voracitate
734 2257 772 2299 66
795 2234 995 2312 temulentia)
1016 2256 1118 2298 sermo
1140 2244 1205 2315 est,
1237 2256 1335 2320 quam
1355 2228 1424 2297 iusti·

329 2336 394 2399 tiae
427 2337 651 2421 impedimento
686 2358 753 2400 esse
785 2337 848 2399 iam
880 2339 912 2399 in
944 2337 1104 2422 prooemio
1138 2334 1330 2402 affirmatur.
1371 2333 1424 2398 Hoc

328 2447 436 2501 autem
458 2437 538 2518 loco,
569 2447 739 2522 postquam
760 2437 800 2501 de
821 2439 962 2522 corporis
985 2436 1219 2522 cupiditatibus
1241 2440 1320 2502 satis
1342 2438 1428 2522 dispu-

329 2549 433 2603 tatum
456 2548 513 2618 est,
544 2537 652 2601 verbis
679 2535 736 2599 661
758 2536 791 2600 τὶ
813 2532 1007 2617 θαυμαστόν
1037 2549 1095 2606 etc.
1125 2543 1169 2624 (p.
1188 2541 1262 2624 212,
1281 2541 1336 2624 32)
1358 2533 1425 2621 66ρὶ-

328 2642 447 2704 6166666
469 2641 566 2706 animi
594 2640 853 2718 introducuntur,
870 2661 1020 2725 -quarum
1051 2662 1159 2721 unam,
1191 2661 1289 2725 quam
1316 2635 1427 2726 proprie

329 2743 465 2807 dicimus
488 2743 686 2829 voluptatem
709 2735 935 2825 (idoneitate),
964 2755 1077 2806 auctor
1104 2745 1240 2828 primam
1263 2757 1427 2807 commemo·

328 2847 430 2927 ravit3
455 2856 625 2929 praeterea
641 2844 682 2908 ad
701 2846 801 2930 legem
821 2845 1021 2930 provocavit,
1043 2865 1217 2930 quaecum
1234 2866 1275 2908 ne
1296 2842 1429 2930 cupidum

246 3018 250 3028 Ι
328 2947 457 3033 quidem
478 2968 545 3009 esse
567 2947 719 3027 iussisset,
741 2945 888 3009 libidines
911 2947 1048 3030 opprimi
1069 2968 1160 3031 posse
1182 2945 1364 3012 confideret.

363 3055 423 3102 itm.
444 3067 466 3111 p.
488 3055 595 3112 61636
622 3053 949 3113 6666166666κ’66666661661
975 3057 1010 3113 (p.
1032 3056 1253 3110 61166616666666
1276 3068 1332 3102 6666
1349 3045 1431 3100 ἐπιθυ·

415 3132 480 3200 ialal
497 3137 560 3185 καὶ
578 3133 649 3201 πρὸς
669 3134 717 3200 τήν
735 3131 784 3185 τοῦ
802 3116 926 3200 κάλλους
945 3138 1105 3204 μετουσίαν.
1144 3142 1214 3208 Quae
1233 3137 1430 3201 6661666666τί-

418 3241 486 3274 mum
512 3226 578 3288 qnod
604 3229 745 3275 necessaria
770 3242 818 3276 nnn
837 3237 875 3277 666
890 3254 922 3262 -
937 3230 1053 3290 equidem
1077 3232 1189 3277 voculam
1207 3226 1255 3277 καὶ
1274 3237 1331 3278 6666
1349 3213 1433 3284 611τὴ1

419 3315 509 3362 addere
529 3315 630 3361 mallem
645 3339 677 3348 -
689 3313 786 3374 661666,
808 3320 872 3377 quod
893 3322 968 3368 verba
986 3315 1056 3384 πρὸς
1075 3314 1123 3381 τήν
1140 3313 1190 3366 τοῦ
1209 3315 1334 3376 κάλλους
1348 3322 1430 3381 μεῖον

418 3397 481 3452 σιἀν
500 3404 587 3465 spuria
607 3419 659 3452 esse
682 3419 779 3468 censeo,
806 3407 869 3454 mihi
891 3423 938 3455 non
958 3409 1082 3466 probatur.
1114 3407 1231 3466 Explicat
1249 3407 1352 3470 quidam
1370 3404 1434 3453 trau·

417 3490 521 3539 denthal
541 3492 568 3546 11.
586 3492 634 3547 c.):

472 3569 505 3641 ,p‘
523 3572 573 3625 τοὺ
591 3573 714 3635 κάλλους
732 3574 868 3640 μετουσία
886 3582 921 3630 166
941 3584 981 3630 666
1002 3582 1117 3631 66666666
1138 3583 1271 3631 1166666616
1290 3583 1341 3631 666
1361 3581 1436 3629 666166

416 3667 468 3714 lich
488 3666 600 3714 dassalbe
620 3669 665 3715 wia
685 3668 728 3714 666
747 3666 965 3732 συνουσιασμός.
1003 3673 1052 3720 Μ16
1071 3672 1167 3719 Grimm
1187 3673 1373 3722 anaunahman:
1400 3669 1436 3718 dor

415 3756 546 3804 Verfassor
570 3757 642 3802 siihre
668 3755 709 3804 die
729 3757 958 3807 Gesohlccbtsiiaba
984 3757 1091 3807 auidas
1110 3759 1296 3820 Wolrlgafailen
1315 3759 1360 3809 dar
1376 3759 1437 3809 Sada

416 3856 455 3888 am
473 3843 588 3892 86611666
609 3846 701 3892 zuriick
721 3845 771 3892 und
789 3860 853 3893 zwar
872 3845 926 3894 bier
950 3847 993 3894 bai
1011 3845 1053 3894 der
1073 3846 1152 3894 Liebs
1170 3846 1213 3893 666
1229 3845 1295 3894 Fran
1314 3848 1439 3910 Potipban

416 3944 447 3976 zu
466 3931 569 3993 Joseph‚
588 3934 622 3980 ist
641 3933 758 3982 beidam
777 3935 929 3984 niichtsrnen
949 3935 1110 3996 Standpunkt
1129 3935 1173 3984 666
1193 3935 1234 3984 Ρ6.
1253 3936 1383 4000 Josaphns
1401 3951 1442 3986 nn·

419 4020 554 4079 mogltem‘

469 4109 518 4158 Sed
537 4113 569 4159 ob
588 4125 641 4158 eam
661 4113 749 4172 ipsam,
770 4126 843 4172 qnam
863 4119 927 4160 66666
944 4114 1036 4173 premit
1048 4114 1208 4161 ieiunitatem
1221 4114 1261 4162 vel
1275 4117 1448 4170 sinceritatem

417 4200 535 4261 auctoris,
566 4212 629 4259 qnae
647 4215 678 4248 ex
696 4204 778 4249 verbis
805 4199 866 4258 νέος
884 4196 936 4266 γάρ
956 4187 993 4250 air
1009 4199 1057 4249 καὶ
1079 4193 1212 4262 α’κμοὶζων
1229 4200 1300 4269 πρὸς
1319 4205 1450 4263 dumnoc.
