2956 4972
522 406 541 411 .-
598 317 639 383 39

59 519 210 587 (laterum
239 526 276 583 ut
305 541 347 584 ex
368 528 433 583 tcto
456 517 587 583 alterius
608 519 712 584 Mace.
735 518 810 583 libri
834 528 942 584 tenore
965 523 1182 604 cognoscitur,

60 619 184 687 Iasonis
212 640 293 704 opus
320 619 554 705 elegantissime
584 621 741 706 scriptum
764 643 828 687 nou
848 621 919 687 fuit.
962 621 992 685 Ii
1014 626 1097 687 enim
1120 624 1181 688 loci

61 723 196 789 alterius
216 720 488 787 Maccahaeorum
511 720 598 803 libri,
631 724 687 807 qui
708 720 893 786 sublimiore
914 722 1040 787 dicendi
1064 747 1183 808 genere

62 834 189 912 praetor
209 832 333 889 ceteros
354 821 482 904 florent,
504 844 567 886 nou
588 846 629 887 ex
651 823 765 888 Iasone
788 825 915 889 exarati
937 837 1019 889 sunt.

143 924 192 993 Oi.
214 923 489 1006 Euald,‚(}esch.
513 922 574 990 lsr.
594 923 655 988 lV³
676 947 707 1010 p.
727 924 807 989 380:

148 1027 262 1107 ,Dicae
276 1047 379 1112 gance
397 1024 586 1089 malerische
604 1025 794 1111 Eraahlung
813 1028 855 1109 (2.
870 1027 973 1092 Mace.
991 1026 1021 1109 3,
1040 1029 1056 1090 ἵ
1075 1064 1112 1075 -
1126 1029 1183 1112 40)

62 1128 176 1215 gehbrt
198 1127 305 1193 sicher
327 1138 392 1192 erst
412 1126 485 1191 dom
501 1125 617 1190 letsten
636 1127 806 1191 Verfasser
824 1129 878 1192 des
895 1126 1020 1192 Buches
1041 1150 1093 1209 an,
1115 1129 1181 1194 und

61 1230 140 1297 eben
172 1229 234 1295 das
264 1227 450 1294 molcrische
485 1228 579 1292 darin
612 1227 710 1292 flicsst
749 1251 807 1294 aus
840 1229 953 1294 dessen
990 1229 1181 1295 bcsonderm

61 1332 198 1400 Zvaclse
217 1331 303 1397 heim
323 1330 482 1395 Ahfassen
504 1330 559 1394 des
581 1330 734 1395 Buches.“

144 1435 239 1501 Adde
268 1432 355 1519 quod
392 1431 523 1495 habitus
556 1432 728 1515 historiae,
762 1454 859 1519 quam
888 1432 1108 1496 Freudonthal
1138 1456 1180 1497 ex

61 1536 173 1603 Inone
194 1535 327 1601 fluxisse
352 1544 476 1615 censet,
509 1536 535 1597 is
558 1544 623 1616 est,
656 1536 711 1619 qui
733 1534 779 1597 illi
805 1535 1003 1599 Iudaeorum
1027 1535 1178 1619 scriptori

61 1636 161 1703 tribui
189 1638 248 1703 vix
279 1638 388 1722 possit,
427 1637 512 1701 Nam
533 1638 672 1722 primum
695 1637 820 1718 dubito,
844 1659 921 1700 num
945 1645 1012 1700 tota
1035 1637 1179 1700 narratio

61 1738 98 1803 ds
123 1738 276 1803 Eleazari
312 1746 495 1823 septemque
531 1738 669 1802 fratrum
701 1738 867 1823 suppliciis
903 1747 970 1801 tam
1008 1739 1179 1824 diligenter

61 1848 156 1925 atque
186 1838 366 1904 arteficiose
386 1840 550 1926 descripta
570 1843 604 1903 in
626 1840 749 1904 Iasonis
772 1862 869 1926 opere
898 1840 1048 1906 historico
1070 1841 1178 1908 fuerit.

61 1939 141 2021 Quis
161 1941 247 2006 euim
261 1952 309 2005 est
324 1942 381 2027 qui
399 1943 506 2005 omnia
524 1941 608 2005 illius
628 1942 823 2006 narrationis
837 1941 1033 2006 lineamenta
1047 1941 1077 2024 ²³⁸)
1100 1964 1178 2008 vera

61 2065 135 2126 esse,
154 2044 211 2129 qui
232 2042 453 2108 adulescentes
472 2043 692 2108 crudelissime
714 2053 849 2108 vexatos
866 2052 912 2107 tot
927 2054 959 2106 et
978 2052 1044 2106 tam
1062 2043 1176 2128 longas

60 2145 216 2211 orationes
238 2143 390 2210 habuisse
410 2146 576 2227 concedat,
604 2148 675 2231 quis
698 2168 760 2210 nou
782 2146 889 2231 potius
912 2145 1073 2209 rhetorem
1095 2167 1176 2227 cam,

61 2268 141 2333 quae
161 2246 204 2313 de
218 2247 490 2312 Maccahaeorum
512 2248 677 2334 suppliciis
696 2246 832 2332 vulgata
853 2257 934 2328 erat,
963 2247 1083 2311 famam
1105 2248 1177 2312 rhe-

60 2350 155 2417 torice
186 2350 405 2417 elaboravisse
440 2349 593 2414 censeat?
633 2349 722 2413 Talis
756 2360 864 2413 autem
890 2349 1021 2413 historia
1051 2350 1176 2435 integu-

60 2454 170 2519 mentis
186 2452 375 2518 iahularum
392 2451 566 2517 obscurata
585 2453 726 2517 nondum
743 2452 867 2516 Iasonis
889 2452 1098 2537 temporibus,
1119 2453 1175 2517 sed

61 2555 155 2621 multo
184 2555 313 2619 demum
335 2563 407 2638 post
428 2555 505 2618 oriri
527 2557 641 2641 potuit.
689 2555 738 2618 Ac
760 2554 839 2617 mihi
866 2554 995 2638 quidem
1025 2576 1089 2618 non
1119 2554 1176 2619 du·

61 2654 146 2723 bium
167 2657 311 2737 videtur,
332 2657 409 2743 quin
431 2656 499 2741 ipse
519 2658 568 2721 Ps.
587 2656 752 2741 Iosephus,
776 2679 848 2721 cum
864 2658 898 2722 in
915 2658 1060 2720 oratioue
1079 2677 1175 2720 sacra

61 2759 160 2823 miuus
179 2759 365 2839 interesset,
400 2767 437 2822 ut
458 2757 536 2823 fides
558 2759 711 2823 historica
731 2768 928 2840 servaretur,
950 2757 1038 2822 illam
1061 2780 1174 2825 narra·

59 2862 172 2927 tionem
193 2861 411 2927 exornaverit.

137 2964 344 3049 Quamquam
365 2963 468 3027 nodus
499 2964 540 3028 de
562 2983 624 3048 quo
647 2961 920 3046 supradiximus,
952 2962 1075 3025 solutus
1097 2984 1174 3025 non-

59 3064 133 3131 dum
148 3073 207 3133 est.
244 3063 426 3144 Quaeritur
446 3066 528 3128 enim
549 3065 606 3149 qui
620 3064 742 3128 factum
760 3065 810 3144 sit,
831 3074 868 3128 ut
886 3071 955 3127 tota
973 3064 1022 3128 Ps.
1046 3061 1174 3147 losephi

60 3169 222 3232 mundata
237 3188 312 3233 cum
327 3165 429 3231 altero
442 3167 714 3231 Maccahaeorum
732 3165 814 3229 libro
833 3164 1027 3231 verbotenus
1044 3186 1174 3230 consen·

60 3269 161 3339 theut
196 3270 247 3335 Ac
264 3290 336 3334 mea
353 3269 512 3334 sententia
532 3268 573 3331 ad
595 3269 678 3331 hauc
697 3268 914 3352 quaestionem
933 3266 1175 3331 diiudicandam

59 3372 194 3455 priorem
207 3373 363 3436 orationis
380 3380 506 3458 partem
524 3372 638 3457 inqua
656 3370 695 3434 de
713 3369 985 3434 Maccahaeorum
1006 3367 1173 3451 suppliciis

59 3473 196 3540 noudum
213 3496 315 3539 sermo
333 3483 391 3555 est,
413 3495 434 3536 a
451 3472 581 3559 reliquis
600 3471 761 3557 capitibus
780 3492 932 3554 separare
950 3468 1111 3533 debemus.
1135 3466 1174 3530 Iu

58 3586 171 3662 quarto
200 3586 308 3641 autem
336 3576 504 3660 capite-
528 3574 715 3658 hypothesis
746 3573 828 3636 enim
857 3568 935 3633 nihil
966 3568 1007 3632 ad
1035 3589 1102 3631 rem
1133 3607 1171 3619 -

57 3754 98 3761 .-

122 3836 147 3900 ⁴)
166 3840 307 3903 Superbum
330 3841 404 3886 illum
424 3853 505 3898 regem
519 3839 671 3885 Antiochum
691 3845 761 3886 tauto
780 3835 863 3884 studio
884 3838 1000 3891 tantaque
1021 3832 1171 3892 clarmontis,

57 3938 82 3977 ut
105 3929 174 3991 apud
192 3929 235 3976 Pr.
251 3928 391 3989 Josephum
417 3928 565 3983 illustratur,
595 3924 750 3970 Maccabasis
770 3922 934 3982 persuasisse,
961 3925 989 3966 ut
1008 3919 1037 3965 ds
1057 3918 1106 3966 flds
1125 3918 1172 3965 Ju-

55 4018 171 4068 dasorum
190 4016 333 4076 dettcersut,
351 4014 476 4063 credibile
494 4027 543 4059 nnn
562 4018 606 4059 est.
632 4011 683 4060 Noc
702 4012 783 4070 magis
801 4009 942 4058 verisimile
960 4009 1069 4068 videtur,
1089 4009 1172 4067 ipsum

54 4120 134 4168 rigum
147 4118 206 4155 cum
220 4105 379 4165 primipibns
396 4094 444 4148 snt
458 4113 531 4156 τινος
549 4089 662 4162 ὑψηλοῦ
680 4094 768 4145 τόπου
788 4103 816 4147 nt
833 4100 860 4146 in
877 4097 974 4145 theatro
994 4097 1095 4142 illorum
1115 4109 1172 4143 cru-

53 4198 132 4246 susus
145 4193 289 4257 aspexisse.
