2956 4972
602 312 641 384 31

58 515 264 598 arbitratur,
298 517 350 581 Pa
371 515 527 602 Iosephus
559 516 668 580 facere
687 539 752 582 non
781 539 880 581 ausus
909 517 951 581 ad
973 516 1097 582 Stoicos
1127 516 1184 582 ad·

56 617 241 700 nitebatur,
272 620 329 705 qui
342 620 496 705 pietatem
512 632 636 704 partem
653 641 722 684 esse
735 620 917 697 iustitiae*)
939 620 1183 702 contenderunt,

56 720 185 806 qnippe
207 741 292 806 quae
312 741 376 784 non
398 719 502 784 solum
523 742 604 804 erga
625 719 769 784 homines
789 720 846 784 sed
868 722 965 784 etiam
987 743 1066 805 erga
1086 724 1184 788 deum

55 819 173 886 officia
201 842 334 887 servare
365 821 488 886 doceat
542 821 691 886 &abicere
719 834 828 886 autem
858 825 1001 888 iustitiae
1030 826 1183 909 pietatem

55 945 137 988 eum
156 924 211 988 Ps.
232 923 389 1010 Iosephus
418 936 524 1004 metu,
557 946 598 987 ne
616 924 811 989 ludaeorum
841 927 964 990 animos
995 927 1184 1010 offenderet,

57 1026 242 1108 dubitaret,
272 1025 440 1091 subtraxit
467 1047 539 1088 eam
568 1026 704 1090 arbitrio
731 1026 879 1091 dominae
899 1050 978 1092 suae
998 1040 1031 1092 et
1050 1029 1182 1115 reliquis

56 1127 255 1209 virtutibus,
268 1149 380 1213 parem
393 1132 468 1212 post
480 1130 589 1212 ipsum
604 1127 761 1193 itwtitium
778 1131 895 1214 posuit,
909 1129 942 1193 id
959 1131 1045 1215 quod
1061 1154 1091 1216 p.
1107 1132 1178 1214 279,

54 1230 103 1293 24
131 1230 256 1294 factum
283 1240 342 1295 est.
385 1230 449 1294 Sed
470 1231 564 1292 nimis
590 1229 648 1293 diu
678 1230 757 1292 mibi
783 1229 896 1294 videor
926 1231 959 1292 in
980 1231 1077 1296 rebus
1096 1255 1180 1318 quae

55 1331 300 1418 philosophiam
316 1333 482 1417 attingunt
502 1333 639 1412 versari,
661 1353 724 1416 age
744 1332 787 1396 ad
810 1331 935 1418 reliqua
955 1355 1139 1418 pergamus.

150 1449 200 1516 Ao
216 1462 317 1513 totam
334 1451 511 1515 orationem
528 1460 659 1535 praeter
677 1451 874 1535 prooemium
896 1461 928 1514 et
948 1451 1183 1516 conclusionem

54 1552 96 1616 in
117 1551 185 1616 duo
208 1553 353 1617 membra
373 1551 621 1637 disiungendam
642 1574 721 1634 esse,
742 1575 881 1639 quorum
902 1553 993 1638 prius
1014 1564 1046 1617 et
1067 1548 1178 1618 defini-

55 1654 183 1718 tionem
208 1665 240 1718 et
269 1653 491 1740 probationem
518 1653 687 1739 complecti
714 1654 846 1719 videtur
873 1655 942 1739 ipse
962 1663 1076 1719 auctor
1096 1654 1179 1719 iudi-

54 1757 164 1823 cavit.
186 1780 217 1842 p
231 1757 306 1840 271,
320 1759 362 1822 15
382 1767 415 1820 et
435 1757 509 1837 275,
523 1756 576 1820 30.

148 1875 302 1941 Probatio
324 1887 433 1941 autem
450 1877 497 1940 ita
518 1877 665 1940 instituta
688 1886 752 1956 est,
783 1884 821 1939 ut
849 1873 998 1959 exempla
1027 1896 1069 1937 ex
1092 1874 1183 1938 cotti·

54 1977 164 2042 diana
189 1979 258 2044 vita
279 1989 311 2043 et
339 2001 383 2042 ex
410 1978 609 2042 Iudaeorum
630 1975 767 2039 historia
788 1979 967 2060 promiscue
988 1973 1091 2039 electa
1112 1997 1185 2060 pro·

56 2080 225 2162 ferantur,
245 2102 330 2166 quae
347 2080 390 2144 ad
404 2079 606 2166 probandam
627 2098 720 2141 suam
738 2078 931 2142 sententiam
952 2087 1061 2140 orator
1082 2077 1185 2140 maxi·

55 2203 115 2246 me
135 2181 297 2266 pertinere
318 2181 398 2247 vult
434 2179 474 2243 In
492 2179 596 2243 altera
614 2189 722 2243 autem
742 2187 836 2262 parte
857 2177 1010 2240 orationis
1024 2178 1089 2240 iam
1109 2177 1184 2242 inde

56 2306 81 2348 a
106 2304 182 2368 cap.
199 2282 258 2347 IV.
280 2283 333 2348 Ps.
364 2281 520 2368 Iosephus
546 2281 731 2344 narratione
760 2278 902 2364 quadam
931 2279 972 2343 de
1003 2280 1183 2364 proditione

55 2384 204 2451 Simonis
232 2386 410 2469 praemissa
438 2385 481 2449 ad
511 2383 704 2447 Eleazarum
726 2396 912 2467 septemque
932 2381 1049 2445 fratres
1079 2391 1183 2444 trans·

54 2485 225 2573 graditur,
255 2486 312 2571 qui
332 2507 472 2549 summos
492 2501 624 2571 propter
643 2486 797 2570 pietatem
817 2483 941 2548 dolores
962 2484 1183 2551 sustinuerint.

55 2586 156 2667 Quin
189 2586 286 2650 etiam
320 2587 419 2649 animi
449 2585 615 2650 eruciatus
643 2584 721 2651 ferri
751 2606 844 2670 posse
872 2584 1040 2670 praeclaro
1070 2586 1183 2648 matris

54 2688 214 2775 exemplo
235 2687 440 2771 declaratur,
470 2711 555 2775 quae
574 2709 639 2751 non
657 2686 761 2750 solum
782 2708 890 2750 omnes
911 2685 993 2751 filios
1014 2708 1090 2751 suos
1112 2709 1184 2751 oru-

55 2791 237 2858 delissimis
268 2790 433 2876 suppliciis
462 2790 592 2852 affectos
614 2809 716 2874 aequo
747 2789 852 2851 animo
881 2787 978 2868 vidit,
1009 2788 1184 2852 sedetiam

54 2894 154 2960 ultra
175 2914 246 2972 eos,
275 2904 313 2956 ut
331 2890 470 2957 libenter
492 2900 626 2954 mortem
647 2890 783 2971 obirent,
803 2889 977 2953 adhortata
997 2900 1055 2956 est.
1103 2888 1184 2968 Qui·

10 3012 12 3017 '
54 2996 127 3061 bus
151 2994 306 3079 expositis
327 3014 436 3056 omnes
458 2991 636 3072 audientes,
665 3000 701 3054 ut
722 2991 857 3055 eandem
877 3004 1009 3075 propter
1029 2991 1183 3075 pietatem

10 3098 14 3109 “
54 3095 281 3164 constantiam
316 3107 536 3180 praestarent,
574 3095 741 3158 admonuit
772 3086 1002 3177 γιγνώσκοντες
1034 3082 1085 3156 ὅτι
1118 3095 1185 3156 τῶν

10 3186 16 3225 ;
54 3197 192 3260 παθῶν
213 3188 374 3281 δεσπότης
394 3192 485 3259 ἐστὶν
506 3187 525 3259 ὃ
544 3184 678 3280 εὐσεβὴς
698 3189 853 3277 λογισμὸς
869 3191 926 3256 καὶ
948 3183 987 3258 οὐ
1003 3187 1103 3276 μόνον
1119 3196 1185 3258 τῶν

10 3290 15 3327 ³
53 3297 205 3367 ἔνδοθεν
225 3285 310 3360 aiud
331 3296 472 3361 καὶτῶν
493 3296 620 3376 ἔξωθεν
639 3291 758 3385 πόνων.

10 3400 18 3427 ²
151 3418 226 3481 Hac
254 3439 381 3503 quoque
402 3417 618 3481 distribuendi
638 3418 762 3480 ratione
784 3415 841 3478 illa
861 3414 1034 3479 Fritzsebii
1058 3425 1184 3479 senten·

55 3525 112 3588 tia
134 3519 310 3600 refutatur,
331 3519 386 3605 qui
405 3516 654 3602 disputationem
677 3515 898 3601 philosophiae
919 3515 1186 3601 scriptiunculam

52 3645 156 3702 asse,
186 3643 250 3684 non
280 3622 464 3705 opationem
493 3620 702 3683 existimavit
748 3617 833 3682 Nam
861 3618 1013 3702 quoniam
1042 3616 1186 3684 homines

52 3727 173 3792 minus
198 3723 320 3787 eruditi
346 3720 589 3788 narrationibus
618 3720 722 3803 magis
750 3717 905 3780 delectari
934 3715 1052 3800 solent3
1085 3738 1186 3803 quam

155 4006 179 4064 ‘)
198 4006 236 4055 cs,
254 4007 361 4055 Brundis
378 4009 394 4055 l.
414 4023 435 4055 c.
453 4022 478 4070 p.
501 4009 562 4057 14⁸2:
592 4005 664 4069 ,Den
688 4000 881 4054 verschiedenen
900 4000 987 4051 seiten
1012 4001 1057 4051 der
1075 4001 1184 4051 (loresh-

50 4096 161 4163 ttgkeit
185 4096 331 4145 endlieb—
343 4097 387 4143 der
403 4097 587 4157 Frommtgtelt
609 4086 738 4160 εὐσέβεια
762 4094 813 4142 und
832 4092 995 4142 Redlicbtelt
1018 4085 1181 4159 χρηστότης,

54 4191 85 4243 d,
106 4187 134 4237 b.
155 4184 213 4237 dem
230 4184 356 4250 rtebtigen
374 4186 509 4236 Verbulten
526 4199 606 4250 gagen
623 4185 668 4234 dle
686 4184 773 4234 Gitter
790 4181 842 4230 und
860 4181 1019 4234 usmetum
