2956 4972
672 209 716 276 49

592 301 796 309 ———-——-—

178 423 257 496 279,
282 425 301 478 4
322 420 405 480 deest
426 402 466 475 όίν
501 408 655 498 δίπίσῇ
673 405 730 475 διὰ
752 401 892 499 ανάγκην
925 421 1048 482 6deest
1070 400 1126 478 οόν
1153 410 1250 482 8τίν

191 511 356 594 ἐξουσίαν,
369 523 451 582 deest
459 511 560 596 λέγων
581 526 618 580 10
626 522 708 582 deest
715 505 798 578 εἶναι
822 528 858 582 11
870 504 1061 600 εὐπειθείας
1081 515 1250 585 12είκατὰ

193 608 358 681 ἆλτ’θειαν
381 627 418 683 13
429 625 511 683 deest
524 610 564 677 σό
589 626 625 680 19
640 609 700 699 γὰρ
719 608 764 693 ὡς
782 609 903 697 ὁμοίως
926 611 1060 700 ὃνόμος,
1082 631 1112 688 in
1122 635 1251 705 margine

193 712 354 794 ὡσαύτως
372 730 412 785 20
425 711 508 798 μετὰ
528 729 566 782 24
580 713 789 802 δικαιοσύνην
800 715 950 785 παιδεύει
960 713 1044 787 οῖστε
1054 719 1110 788 διὰ
1121 722 1252 792 πόντων

192 825 263 886 τῶν
277 810 368 903 ίθῶν
389 816 552 899 ίσονομεῖν
570 816 625 882 καί
644 807 811 900 εὐσέβειαν
831 816 1017 889 ἐκδιδάσκει
1035 815 1118 890 ὥστε
1139 839 1179 896 25
1197 827 1252 893 σε’-

192 930 268 1008 βειν
279 936 318 991 27
328 925 501 1004 συμπαθεῖ
512 924 701 1002 νομοθετῶν
713 913 731 986 ὁ
741 925 800 986 τοῦ
812 916 935 1006 κόσμου
947 922 1080 1014 κτίστης
1098 924 1187 996 28τδ
1193 930 1252 1013 μὲν

195 1012 257 1091 σόν
269 1037 308 1093 30
316 1016 504 1110 τυραννικόν
515 1021 551 1087 δὲ
565 1012 602 1086 οὗ
610 1017 709 1104 μόνον
718 1016 772 1110 ἡμ.
785 1015 895 1110 όναγκ.
907 1052 1026 1114 παραν.
1043 1043 1082 1099 32
1091 1029 1251 1123 αἰσχίστῃ,

195 1122 417 1214 ἐπεγγελάσης
432 1114 551 1190 όλλόό.

155 1306 158 1320 .
182 1263 288 1334 280,2
310 1240 394 1312 ἀλλὰ
415 1242 499 1325 τοὺς,
521 1244 593 1330 περὶ
618 1240 655 1309 τὸ
683 1256 700 1312 3
723 1237 839 1331 ὅρκους
859 1237 897 1312 οὗ
918 1245 1056 1338 παρήσω
1073 1263 1104 1322 in
1125 1268 1253 1339 margine

197 1377 254 1440 yq:
277 1348 323 1435 μὰ
344 1346 421 1427 τοὺς
443 1344 549 1433 ίερούς
576 1353 642 1412 τῶν
662 1343 829 1433 προγόνων
849 1349 924 1435 περὶ
953 1356 1013 1416 τοῦ
1034 1350 1176 1440 ηνολόξαι
1197 1352 1254 1421 τόν

197 1451 297 1536 νόμον
319 1445 435 1536 όρκοος
465 1462 482 1518 5
505 1460 586 1518 deest
607 1442 742 1535 ὑπάρχω
765 1465 795 1517 et
814 1474 873 1532 μοι
895 1464 915 1519 8
936 1448 1147 1540 οίκτείρομαι,
1170 1449 1253 1522 δ’στε

197 1554 232 1622 ὀί
254 1556 397 1639 ἐμαυτοῦ
431 1565 469 1621 10
490 1541 565 1616 οὐδὲ
601 1563 638 1618 12
661 1541 737 1616 οὐδὲ
756 1557 885 1635 μιανεῖς
905 1593 945 1605 -
959 1548 1089 1644 ἡλικίαν
1109 1569 1189 1627 uncis
1211 1570 1253 1628 in·

198 1669 309 1726 elusum
344 1667 382 1722 13
412 1649 516 1740 γήρως
554 1666 591 1719 14
615 1644 711 1736 ἁγνόν
731 1678 772 1735 με
798 1651 828 1720 οῖ
854 1655 993 1744 πατέρες
1017 1659 1252 1745 προσδέξονται

203 1773 240 1830 15
263 1770 345 1829 deest
365 1781 405 1840 με
441 1769 477 1824 17
501 1747 575 1819 οίίτε
595 1748 704 1837 λόγοις
724 1751 898 1835 δεσπόσεις
920 1750 993 1824 οότε
1014 1757 1149 1847 δίέργων

624 1971 693 2045 cap.
719 1971 769 2029 VI.

162 2049 182 2090 ι
204 2097 240 2152 19
264 2077 489 2166 παραστάντες
511 2094 551 2148 24
565 2078 726 2166 ἑτέρωθεν
749 2087 788 2146 25
806 2069 851 2154 ὡς
869 2066 1004 2164 όληθιῦς
1026 2091 1065 2146 27
1087 2077 1134 2157 εἰς
1156 2071 1254 2165 οόρα-

203 2180 256 2252 νὸν
278 2174 448 2260 ἀνατείνας
472 2194 511 2250 30
533 2179 657 2268 ἔδαφος
677 2171 745 2245 όπδ
766 2184 826 2247 τοῦ
847 2176 891 2268 μὴ
914 2178 1033 2268 φέρειν.

156 2362 162 2374 .
190 2318 292 2388 281,1
317 2301 509 2382 ἐξανίστατο
533 2315 551 2371 2
574 2312 656 2372 deest
679 2296 878 2384 τυπτόμενος
900 2313 918 2370 3
941 2296 1095 2385 καθάπερ
1111 2305 1254 2385 γενναῖος

201 2417 221 2475 4
239 2398 387 2492 όθλητίς
400 2399 601 2487 τυπτόμενος
617 2399 709 2469 ἐνίκα
725 2399 802 2482 τους
820 2410 936 2488 βασαν.
959 2397 977 2470 ὃ
994 2402 1096 2490 γέρων
1113 2400 1212 2490 ῖδροῖν
1224 2426 1258 2488 γε

204 2502 479 2588 δὲπασθμαίνων
503 2506 656 2592 σφοδρῶς
678 2518 696 2573 6
717 2502 968 2590 βασανιζόντων,
991 2504 1048 2572 ε’πί
1062 2510 1102 2593 τῇ
1116 2495 1258 2592 εὐψυχίᾳ

203 2623 221 2677 7
235 2608 386 2686 ίλειῦντες
402 2620 421 2676 8
435 2604 630 2693 συμπαθείᾳ
647 2612 706 2694 τῆς
719 2605 895 2696 συνηθείας
913 2624 947 2676 11
965 2599 1128 2686 όπόλλεις,
1146 2608 1255 2692 μέντοι

205 2725 240 2782 13
264 2703 499 2796 ἀπογεύεσθαι,
527 2708 584 2775 καί
614 2702 631 2773 ό
662 2703 835 2795 ἐλεοίζαρσς
859 2702 970 2793 ὥσπερ
1006 2723 1044 2778 14
1067 2716 1161 2792 συμβ.
1193 2706 1258 2775 αίκ.

205 2803 367 2899 ἀνεβόησε,
395 2807 436 2894 μί
471 2803 574 2888 οὕτως
608 2821 644 2878 15
667 2805 886 2897 φρονήσαιμεν
913 2807 944 2876 οῖ
977 2801 1048 2895 ἀβρ.
1078 2810 1197 2886 παῖδες
1222 2821 1258 2878 16

203 2908 538 2999 μαλακοιγυχήσαντες
558 2925 594 2979 17
613 2920 695 2980 deest
709 2907 747 2990 εί,
768 2905 971 2998 ζνξσανταίεγς
987 2906 1132 2978 19είνῦν
1155 2921 1195 2978 20
1206 2910 1260 2974 ἵνα

205 3012 413 3101 παράδειγμα
437 3028 473 3082 21
499 3009 632 3099 αἰσχρόν
653 3009 688 3078 δὲ
712 3010 741 3078 εὶ
762 3008 983 3097 ἐντιβιοίσομεν
1005 3026 1046 3080 22
1064 3008 1197 3079 πάντων
1221 3025 1259 3079 24

204 3143 344 3206 καταφρ.
361 3112 407 3195 ὡς
421 3110 573 3201 όίνανδροι
597 3128 636 3184 25
651 3114 747 3202 μέχρι
761 3111 910 3182 θανάτου
926 3111 980 3203 μὴ,
1003 3109 1096 3207 ὑμεῖς
1118 3128 1157 3183 28
1178 3109 1261 3200 πρὸς

204 3219 262 3302 τὰς
280 3213 424 3307 ἆνοίγκας
439 3213 523 3286 οὕτω
536 3219 843 3307 μεγαλοφρονοῦντα
854 3207 953 3284 αὐτὸν
967 3211 1090 3294 ἰδόντες
1109 3229 1149 3285 30
1164 3205 1261 3280 αὐτόν

206 3316 363 3411 ἆνίγαγον
386 3337 422 3392 31
447 3317 680 3408 όπερίπτοσαν.

155 3462 171 3505 ν.
194 3455 264 3527 282,
283 3458 297 3510 1
315 3444 533 3525 λειποθυμεῖν
555 3431 749 3509 2ἇνέτεινε.
768 3489 775 3504 .
800 3489 806 3504 .
827 3439 884 3505 καὶ
901 3431 992 3505 εἶπεν
1015 3431 1123 3524 effla)
1146 3447 1280 3506 4deest=

207 3547 381 3631 τοιγαροῦν
398 3556 416 3612 7
426 3533 606 3629 ἆντίψυχον
623 3538 860 3632 12κεκρατῇκει
877 3534 1092 3627 13οίπεδόμην
1112 3552 1261 3624 Ιῡπροσ-

205 3647 350 3734 νέμομεν
374 3658 411 3717 18
434 3645 492 3712 ἐπὶ
512 3646 639 3732 γελοῖον

624 3865 694 3938 cap.
717 3861 782 3921 VII.

208 3989 248 4045 24
271 3970 539 4057 κατοικιζόμενος
560 3979 620 4039 τοῦ
650 3987 689 4042 26
709 3971 873 4058 ἐπέτρεψε
901 3979 941 4036 28
959 3963 1073 4053 (νίκης)
1103 3978 1142 4034 30
1159 3957 1260 4050 δι’γιος.
1285 3958 1296 3984 ”

1045 4196 1065 4251 4
